4824 6472
554 412 792 468 MONUMENTA
811 413 1066 469 NECROLOGICA
1086 414 1113 469 S.
1128 412 1315 469 RUDBERTI
1334 414 1647 469 SALISBURGENSIS.
1886 420 1927 481 79

366 601 400 665 V.
423 602 653 683 Frapmcntum
681 603 714 666 in
736 609 909 685 tepumento
936 605 1054 670 codicis
1075 607 1260 670 monasterii
1283 605 1400 670 Wilten
1415 606 1514 686 probe
1539 604 1757 686 Ocmpoutnm,
1780 628 1859 670 saec.
1886 610 1928 670 12

422 711 553 769 coeunte
577 705 625 769 vel
653 710 694 768 13
725 708 852 772 incunte
883 709 1038 786 incobati,
1069 708 1205 773 saccidis
1234 712 1276 771 13
1304 714 1334 773 et
1365 712 1405 771 14
1433 711 1628 787 continuati,
1657 711 1714 774 ubi
1734 711 1926 790 pmacscrtim

420 809 555 873 minom‘s
576 809 743 892 dipnitatis
764 811 905 877 bornines
926 813 1121 894 referuntur.
1167 814 1241 894 (Fr.
1262 814 1326 897 W.)

344 912 400 978 VI.
423 912 564 976 Nomina
592 914 627 977 in
652 915 797 981 caranico
817 916 1050 1001 Satisbnrpeusi
1065 918 1294 983 Staiubauseri
1315 919 1534 999 nmnuscripto
1557 941 1596 983 ea
1627 922 1822 999 ,pemetusto
1844 938 1925 981 mor·

423 1015 548 1098 tilopio“
569 1038 655 1081 nune
677 1019 836 1098 dcpcmiito
859 1027 1107 1087 commemorata.
1152 1022 1231 1104 (St.)

372 1120 558 1201 Neorolopia
580 1142 662 1203 quae
683 1124 773 1188 niodo
795 1127 1058 1203 enumerabimus,
1082 1126 1189 1207 ntapni
1203 1125 1351 1188 momenti
1372 1146 1446 1201 esse,
1469 1126 1610 1189 auiditas
1634 1126 1697 1188 iam
1714 1125 1842 1205 pridem
1862 1146 1927 1187 non

267 1224 375 1287 tatuit.
428 1224 542 1304 ltaqtie
567 1224 747 1290 Frobenins
774 1229 824 1291 air
853 1229 1054 1294 doctissimus
1084 1231 1120 1293 in
1141 1229 1360 1293 Monumentis
1382 1228 1495 1292 Boicis
1517 1234 1538 1292 t.
1563 1232 1613 1307 14,
1632 1230 1804 1291 sot-405
1833 1233 1927 1291 notas

262 1327 461 1409 principales
482 1327 649 1409 necrotopii
670 1330 702 1392 A
725 1351 793 1393 una
816 1353 888 1395 cum
909 1333 1082 1415 ncerolopio
1103 1354 1128 1396 s.
1148 1332 1375 1396 Emmerammi
1400 1332 1436 1394 in
1458 1330 1557 1395 iucem
1579 1332 1695 1407 catatu·
1717 1331 1867 1394 Andreas
1888 1331 1926 1394 de

266 1431 395 1496 Meilter
416 1436 561 1512 exempta
583 1454 621 1496 aa
644 1434 663 1494 5
685 1434 868 1516 tremolopiis
890 1438 1007 1501 codicis
1029 1436 1251 1517 Sanpetrensis
1272 1435 1420 1517 (B—F),
1444 1456 1526 1514 quae
1548 1456 1612 1499 non
1633 1440 1716 1498 recte
1736 1434 1925 1497 monasterio

266 1558 291 1599 s.
316 1535 407 1599 Petri
428 1535 628 1614 attribuerat,
651 1537 805 1619 ccuipaoit
826 1540 940 1621 (Arcti.
962 1542 987 1621 f.
1014 1540 1146 1606 Oestcrr.
1173 1539 1284 1605 Geseb.
1309 1541 1381 1616 19);
1413 1539 1596 1604 Theodorus
1614 1537 1821 1602 Wiedemann
1842 1537 1874 1601 A
1896 1543 1926 1600 ct

223 1698 226 1702 Δ
270 1639 310 1715 G,
333 1639 388 1703 scit
409 1639 495 1717 eben,
518 1640 648 1704 minima
670 1641 784 1705 idonea
806 1644 941 1708 editione
958 1644 1135 1724 publicavit
1156 1643 1269 1727 (Arcb.
1289 1641 1313 1722 s.
1333 1640 1465 1706 Oesterr.
1485 1641 1594 1705 Gescb.
1617 1644 1693 1724 28);
1710 1646 1868 1721 postremo
1890 1641 1926 1703 in

266 1742 437 1807 Boebmeri
470 1743 613 1824 [metimus
645 1766 752 1809 rernm
792 1747 1058 1812 Germanicarum
1087 1754 1109 1811 t.
1135 1752 1165 1810 4.
1200 1751 1379 1827 excerptum
1410 1745 1577 1826 necroiopii
1598 1745 1630 1809 A
1661 1746 1775 1808 iterum
1796 1744 1925 1825 probum

266 1848 374 1912 subiit.
382 1846 406 1932 ¹)
450 1847 506 1910 Ea
533 1847 717 1930 necrolopiis
743 1851 919 1915 minoribus
946 1858 975 1916 ct
1001 1852 1188 1934 frapmentis
1209 1872 1311 1914 annm
1333 1854 1471 1927 tantum,
1499 1849 1558 1912 Fr.
1577 1848 1636 1925 W,
1659 1870 1681 1911 a
1702 1849 1770 1912 oiro
1792 1847 1926 1910 maximi

267 1952 382 2028 trierim,
407 1951 445 2014 P.
469 1950 649 2017 Willibaldo
664 1953 848 2019 Hautbaler
863 1956 1079 2037 Sanpetrensi,
1102 1957 1147 2020 eis
1168 1956 1225 2037 qni
1243 1955 1395 2019 historiae
1408 1953 1544 2031 student,
1567 1951 1704 2017 oblatam
1726 1956 1781 2018 cst.
1810 1951 1924 2035 (Arcb.

265 2055 290 2135 f.
318 2053 450 2119 Oesterr.
476 2054 677 2140 aesinos.)

375 2157 489 2223 annia
519 2159 597 2222 baec
619 2161 753 2242 repistra
774 2163 915 2242 fratrum
937 2169 967 2227 ct
988 2162 1164 2245 necrolopia
1190 2184 1228 2227 coc
1250 2161 1506 2227 bibliothecarum
1525 2160 1782 2235 Vindoboncnsis,
1806 2159 1924 2222 Mona-

266 2263 381 2339 censis,
410 2262 662 2345 Salisburpcnsis
685 2266 842 2330 codicibus
864 2268 931 2346 ipse
952 2267 1118 2348 descripsi,
1146 2266 1262 2329 librum
1284 2266 1538 2345 manuscriptum
1566 2264 1806 2344 Saupctrensem
1833 2261 1864 2327 8.
1882 2266 1924 2325 71

266 2373 296 2429 ct
316 2367 531 2447 frapmentum
550 2367 735 2432 Wittincnse
757 2369 869 2433 barum
889 2372 1152 2435 monasteriorum
1167 2369 1356 2434 emanabiies
1378 2369 1504 2433 abbatas
1526 2368 1603 2431 usui
1624 2388 1690 2431 meo
1710 2366 1925 2430 Vindobonam

266 2472 430 2535 miseruut.
478 2474 565 2553 Quae
587 2473 746 2537 omiserim
767 2472 814 2537 vel
834 2476 1036 2551 mutaverim,
1063 2496 1128 2556 qua
1150 2475 1274 2538 ratione
1295 2474 1410 2537 cinctus
1431 2477 1652 2554 arpumcutum
1674 2470 1863 2552 dipesserim,
1887 2491 1926 2533 ea

262 2576 464 2656 mactatione
484 2575 560 2639 baie
581 2577 669 2657 operi
684 2578 867 2657 praemissa
888 2580 1030 2661 capuosci
1052 2578 1138 2656 licet;
1159 2578 1215 2642 scii
1236 2583 1281 2643 tot
1303 2583 1430 2658 tanrqim
1449 2577 1542 2639 varia
1557 2579 1760 2639 mmumenta
1779 2572 1875 2654 piane
1889 2574 1926 2637 in

265 2680 398 2744 eundem
420 2681 561 2744 ordinem
583 2680 685 2762 redipi
706 2702 770 2745 nou
786 2703 894 2763 posse,
918 2683 1062 2747 omnibus
1089 2683 1195 2763 liquet.
1241 2683 1354 2762 Itaque
1375 2686 1490 2761 saitem
1512 2680 1637 2743 maiora
1658 2677 1835 2759 neerotopia
1856 2682 1926 2740 arte

266 2785 349 2847 inter
369 2806 402 2848 se
425 2784 594 2848 cmiinneta
616 2786 652 2848 in
673 2807 776 2849 unum
798 2787 888 2868 cobpi,
910 2788 1041 2851 nomirm
1063 2788 1100 2851 in
1121 2787 1170 2850 M.
1191 2786 1236 2864 V,
1256 2784 1334 2849 Kal.
1351 2784 1394 2862 8.,
1411 2783 1487 2848 Kal.
1507 2784 1552 2861 V,
1573 2784 1631 2847 Fr.
1648 2783 1708 2859 M,
1732 2782 1777 2846 St.
1792 2782 1923 2858 tradita,

264 2909 338 2951 cum
355 2909 522 2968 perpauca
543 2890 609 2951 sint
630 2894 660 2952 et
679 2890 779 2969 parm
798 2891 896 2969 pretii
917 2892 1000 2955 inter
1022 2891 1242 2954 annotationes
1263 2889 1308 2952 aa
1328 2887 1469 2970 stapulas
1490 2887 1557 2950 (iios
1572 2886 1679 2967 posui,
1703 2885 1761 2948 Fr.
1782 2886 1830 2951 W.
1854 2906 1925 2949 vcro

264 2996 294 3054 et
315 2996 500 3072 arpumenta
522 2998 553 3056 et
571 3014 682 3074 periere
703 2993 900 3080 sinpnlare2)
923 3015 945 3058 a
966 2996 1141 3060 maioribus
1161 2993 1227 3058 iliis
1248 2993 1432 3076 neerotopiis
1452 2993 1608 3074 separavi.

371 3287 392 3353 ¹)
413 3286 488 3354 Quae
504 3286 535 3338 in
552 3285 699 3354 nocrolopio
710 3289 737 3342 A
755 3289 869 3356 scriptor
885 3304 953 3342 saec.
968 3289 1000 3343 12
1018 3286 1139 3342 excuntis
1156 3286 1187 3341 dc
1204 3287 1282 3341 rabin
1293 3287 1373 3353 rescit
1386 3285 1642 3355 Sainbiupcnsibas,
1661 3285 1693 3338 in
1704 3284 1925 3338 annotationibus

261 3386 369 3439 quamne
390 3389 409 3424 a
432 3373 488 3426 ciro
505 3374 683 3428 alaamstmo
699 3375 834 3429 thbelmo
848 3374 1022 3430 Wattcubacb
1040 3374 1149 3429 aditam
1167 3375 1312 3429 aumatium
1329 3391 1349 3429 s.
1364 3373 1499 3442 Rucipcrti
1515 3371 1574 3440 (SS.
1586 3371 1645 3438 IX)
1665 3371 1774 3425 adiectis
1790 3372 1923 3441 loquutur.
