5360 6474
915 411 1180 468 NECROLOGIUM
1199 410 1459 468 ADMUNTENSE.
1951 415 2016 478 309

375 609 412 663 31.
458 605 550 659 Mal·
632 603 703 689 (A‘)
720 603 897 688 Oiacller⁸l
913 602 1071 669 marchio·
1103 601 1281 686 bdalricusb)
1294 618 1358 672 abb.
1372 619 1447 673 Alta.
1477 619 1618 690 Rapol00)
1632 637 1673 674 as.
1687 638 1713 674 n.
1726 638 1749 675 3.
1774 621 1815 675 12.
1845 603 1902 688 (Β)
1919 602 2015 689 ΕΡΡΟ

584 730 672 774 m.n.
690 729 717 773 c.
755 707 963 773 Wernherus
983 728 1031 773 ov.
1048 730 1079 773 n.
1097 728 1123 771 3.
1170 706 1386 793 Liupoldusd)
1404 707 1545 773 exduce
1562 730 1604 773 m.
1650 707 1705 792 (C)
1730 707 1904 774 Gertrudis
1927 716 2014 771 eom·

583 811 798 879 Sunneberoh
820 834 862 878 m.
887 834 918 878 n.
941 833 969 878 3.

982 1092 1393 1100 ——um—

546 1425 1203 1547 NECROLOGIUM
1245 1425 1807 1549 S.LAMBERT1.

472 1710 882 1817 3133333333
915 1756 941 1799 s.
961 1736 1138 1816 333333,
1171 1736 1295 1801 uonna
1325 1757 1350 1800 s.
1370 1735 1553 1815 333333,
1586 1737 1623 1801 n
1655 1734 1782 1820 amn,
1811 1735 1912 1816 3333
1940 1741 2015 1801 ann

370 1843 588 1905 anmun1103.
610 1840 651 1905 ab
672 1839 825 1904 Heinrico
844 1837 1031 1905 Corinthiae
1052 1840 1131 1905 duce
1151 1839 1327 1922 fundatum
1348 1845 1403 1904 est.
1441 1839 1588 1906 Primum
1609 1840 1752 1905 abbatem
1772 1838 2015 1905 Hartmannum

369 1966 392 2007 3.
402 1942 505 2007 Blasii
521 1943 710 2009 monacbnm
729 1941 830 2023 suase
848 1948 980 2020 cunstat
1003 1964 1081 2009 num
1101 1964 1173 2009 oero
1191 1964 1289 2009 novae
1306 1944 1556 2026 conqmqationis
1572 1943 1691 2025 fratres
1712 1965 1751 2008 eu
1771 1943 1879 2008 eadem
1893 1942 2015 2025 Niqrae

369 2046 462 2113 Silvae
481 2048 696 2129 famosissima
717 2047 794 2111 aede
815 2047 967 2128 ertqinem
989 2049 1147 2112 truserint
1168 2069 1283 2127 munes,
1305 2048 1451 2113 dubitare
1473 2047 1553 2112 lieet.

464 2167 694 2250 Antiquissimi
720 2166 888 2250 nceroloqii
912 2167 1069 2233 nonnudo
1095 2168 1188 2250 folia,
1226 2170 1261 2233 in
1288 2170 1433 2233 minutas
1460 2168 1595 2233 33333313
1615 2171 1743 2249 partes,
1771 2166 1816 2231 ad
1841 2164 2014 2248 eoenplnres

368 2294 390 2337 3.
404 2273 560 2337 lamberti
581 2271 676 2337 libros
697 2270 960 2354 oosuqlutinandos
981 2278 1167 2355 consumpto
1187 2278 1278 2349 sunt,
1313 2293 1396 2355 quae
1417 2271 1616 2337 edomuimus
1639 2270 1728 2353 Prot.
1753 2268 1795 2336 D.
1817 2270 1858 2336 Ε.
1879 2268 2012 2336 333333-

368 2376 445 2454 bacb,
466 2376 543 2441 dum
567 2375 773 2441 6333333333
788 2377 982 2460 pervestiqat
1003 2376 1226 2454 bibliothecam,
1248 2398 1281 2442 se
1303 2377 1420 2441 ddisse
1440 2381 1585 2442 testatur.

463 2498 551 2580 Quas
568 2517 640 2562 uero
658 2496 812 2579 reliquias
831 2497 862 2561 si
882 2499 956 2579 quis
970 2519 987 2563 e
1003 2498 1137 2564 muna
1152 2497 1299 2579 proferne
1319 2496 1401 2577 velit,
1423 2496 1582 2563 codicibus
1600 2495 1832 2561 0333333ιεί533
1853 2496 1898 2560 ad
1911 2515 2013 2560 annm

367 2601 501 2667 canda
521 2603 766 2685 perscrutandis
793 2600 894 2667 oleum
920 2607 951 2666 et
977 2623 1104 2686 operam
1125 2603 1323 2684 perdiderit;
1348 2602 1407 2667 illa
1436 2622 1506 2684 erqo
1527 2602 1708 2683 fraqmeula
1735 2601 1765 2665 ei
1791 2599 2012 2681 relinquentes,

366 2705 501 2787 quisquis
522 2705 595 2783 erit,
625 2706 680 2770 eui
701 2727 723 2770 3
743 2705 878 2787 fortuna
898 2706 1204 2788 suppeditabuntur,
1233 2708 1278 2772 ad
1302 2706 1365 2772 duo
1392 2704 1593 2771 bibliothecae
1615 2704 1798 2770 academiae
1822 2703 2013 2769 6333333333

365 2809 551 2875 aeoedamus.
602 2808 733 2874 Probum
759 2811 926 2876 subienunt
954 2813 1018 2876 oiri
1046 2812 1160 2895 eqreqii
1185 2811 1333 2876 Mattiae
1359 2810 1498 2894 Panqerl
1525 2830 1619 2886 cura,
1655 2829 1677 2873 a
1703 2829 1765 2890 qno
1791 2808 1829 2872 in
1854 2807 2013 2873 uocata

365 2933 462 2978 rmum
472 2914 723 2979 Austriaoarnm
734 2915 783 2993 ΙΙ,
803 2920 825 2980 t.
836 2917 890 2995 29,
910 2916 1096 2981 admirabili
1110 2915 1276 2999 diliquotia
1291 2916 1378 2981 edita
1392 2920 1422 2980 et
1438 2915 1590 3000 pretiosis
1604 2912 1770 2978 illustrata
1784 2916 1860 2977 sunt
1875 2916 2011 2977 annota-

366 3016 504 3083 tionibus.
548 3018 605 3082 Ad
624 3017 708 3083 bane
729 3018 837 3101 itaque
859 3020 1025 3084 editionem
1053 3041 1104 3086 eos
1130 3022 1188 3102 qui
1214 3022 1252 3086 de
1280 3020 1407 3085 monum
1428 3020 1571 3086 codicum
1592 3018 1716 3083 ratioeu
1739 3016 1870 3098 pensitas
1891 3015 2013 3080 edoceri

364 3118 465 3202 uelint,
494 3121 684 3205 3313333333,
713 3124 778 3204 ipsi
802 3123 888 3189 nibil
911 3125 978 3189 nisi
998 3145 1081 3206 qnae
1102 3125 1239 3190 maxime
1260 3125 1439 3190 necessasia
1460 3123 1609 3189 indentur
1630 3122 1669 3187 de
1689 3120 1935 3204 necroloqimum
1954 3139 2011 3186 no

363 3227 494 3289 strorum
515 3226 636 3309 eroqs‘ne
657 3231 687 3292 et
708 3228 746 3292 de
766 3229 1001 3313 scripturarum
1023 3229 1214 3311 comperdas
1235 3228 1443 3311 disputaturi.

460 3351 489 3411 1.
511 3346 673 3414 Vetustius
686 3350 807 3433 (325).
827 3349 1011 3433 3133342157
1028 3351 1067 3417 2⁰
1081 3352 1266 3435 spinatum),
1285 3372 1307 3416 a
1325 3373 1374 3416 me
1385 3350 1417 3414 A
1431 3354 1663 3430 nuncupatum,
1678 3348 1766 3412 circa
1780 3367 1903 3413 monum
1915 3348 2010 3411 1170.

362 3451 525 3531 weuditmn,
547 3474 647 3536 nsquoe
668 3454 713 3518 ad
731 3454 913 3521 saeculi15.
929 3455 1024 3536 finem
1039 3456 1241 3536 perductum,
1256 3456 1432 3537 praecipue
1453 3458 1560 3518 333333
1574 3450 1699 3517 saeculo
1711 3455 1762 3515 13.
1784 3450 2012 3516 additamentis

362 3561 486 3620 333333
513 3557 598 3643 est.¹)
651 3558 886 3641 Quantulum,
911 3561 969 3641 qui
995 3559 1062 3624 dies
1086 3560 1162 3624 inde
1187 3581 1210 3624 a
1232 3560 1261 3623 5.
1277 3559 1340 3624 lcal.
1364 3559 1477 3623 martii
1502 3578 1602 3639 usque
1627 3556 1672 3621 ad
1700 3558 1729 3620 6.
1748 3553 1811 3620 bal.
1834 3554 1902 3618 nuai
1928 3574 2011 3619 coen·

355 3659 529 3740 amnuit,
550 3662 682 3727 nomina
702 3663 790 3727 cirea
811 3683 934 3728 annum
956 3666 1050 3729 1200.
1073 3664 1114 3728 ab
1135 3663 1200 3730 alio
1222 3665 1435 3745 transscripta
1456 3668 1533 3728 sum
1554 3661 1695 3727 librario.

463 3784 550 3866 Quoue
570 3804 609 3848 33
630 3784 662 3848 A
685 3784 789 3849 codice
810 3784 993 3867 deprompta
1014 3790 1100 3864 3333,
1122 3784 1160 3848 in
1180 3790 1291 3850 nostra
1312 3784 1448 3850 editione
1469 3784 1560 3867 siqno
1582 3788 1701 3848 carent.

456 3906 488 3969 2.
513 3904 693 3971 Recentimi
714 3905 885 3991 neeroboqio
907 3909 986 3990 (391
998 3906 1033 3989 fi,
1056 3906 1130 3972 olim
1151 3908 1246 3992 40)44
1268 3907 1307 3973 2⁰
1321 3908 1461 3991 siquato)
1482 3906 1517 3972 B
1537 3927 1650 3972 nonen
1670 3904 1752 3969 dedi.
1793 3902 1896 3971 Ouius
1913 3908 2011 3985 aqut

355 4009 546 4088 primarium
560 4016 637 4093 post
658 4032 689 4076 3.
706 4012 811 4090 1323,
833 4012 889 4077 sed
901 4016 977 4077 ante
997 4032 1028 4076 a.
1045 4011 1139 4076 1353.
1157 4011 1340 4078 institutum
1355 4016 1410 4091 est,
1419 4011 1447 4096 ²)
1464 4012 1577 4096 parcis
1590 4008 1772 4076 nominibus
1785 4030 1825 4073 ee
1838 4008 1871 4072 A
1884 4007 2011 4072 baustis

360 4110 404 4175 oet
427 4133 449 4177 3
471 4112 605 4180 librario
630 4115 699 4196 ipso
725 4114 868 4179 33333333.
924 4114 1005 4179 Alia
1030 4134 1102 4180 vero
1128 4120 1204 4180 onte
1229 4116 1367 4181 medinm
1393 4114 1557 4180 saeculum
1578 4114 1630 4178 15.
1658 4117 1856 4179 accesserunt
1881 4110 2009 4177 addita·

360 4222 476 4282 nonu.-
503 4219 639 4302 senptor
665 4219 763 4298 mim,
792 4220 887 4284 euius
911 4220 1097 4303 3333333333
1122 4241 1248 4298 namen,
1276 4220 1321 4284 ad
1345 4219 1487 4303 sinqulos
1512 4220 1580 4285 dies
1605 4225 1697 4284 tema
1724 4238 1763 4282 33
1783 4217 1817 4283 A
1843 4216 2010 4298 33333333

359 4322 493 4401 mnino,
515 4323 570 4387 sed
590 4323 635 4387 ad
655 4324 709 4388 sui
730 4324 877 4405 tempmis
894 4324 1050 4389 rationem
1071 4324 1311 4410 accomodata⁸)
1333 4324 1504 4407 3333333333
1524 4324 1640 4389 muco
1662 4322 1830 4389 morbus
1876 4320 2011 4386 Gesseris

359 4422 403 4488 oel
426 4424 487 4490 loci
512 4432 606 4492 notae
625 4426 813 4510 plenumque
842 4429 1041 4494 mndtnntur.
1095 4428 1192 4495 Folia
1220 4428 1396 4510 compluria
1423 4427 1620 4494 saecul016.
1656 4426 1868 4507 manssuupta
1896 4425 2008 4509 sunt‘)

358 4547 379 4590 a
406 4529 530 4596 Tama
556 4530 682 4616 Rlseyer
709 4533 792 4616 (nisi
817 4539 909 4611 nota,
937 4554 1020 4616 quae
1046 4534 1105 4599 sub
1137 4533 1222 4599 lid.
1251 4534 1328 4615 febr.
1357 4532 1479 4616 lapitur,
1507 4531 1634 4618 sallat),
1667 4528 1800 4610 „Caroli
1826 4528 2010 4594 archiducis

358 4633 505 4714 notista“,
531 4635 590 4718 qui
615 4638 763 4700 a.1579.
792 4636 961 4719 defunctus
988 4642 1043 4702 est.
1092 4636 1216 4702 Ε33333
1242 4658 1365 4720 quoque
1391 4658 1508 4702 manus
1533 4636 1578 4700 ad
1603 4656 1709 4701 manas
1736 4634 1802 4715 fere
1828 4631 2010 4697 laknsdarii

358 4735 422 4801 dies
434 4739 598 4820 permulta
618 4741 750 4806 nomina
771 4763 810 4812 33
824 4741 856 4805 A
871 4741 1042 4823 compilata
1062 4743 1243 4822 anowtaoit,
1265 4763 1327 4825 quo
1350 4763 1449 4825 opere,
1470 4747 1642 4824 undequam
1662 4738 1831 4822 morolopii
1845 4739 1877 4803 A
1892 4758 2010 4821 maana

351 4860 430 4920 pars
453 4845 612 4924 perierat,
639 4844 790 4926 perfecto,
820 4847 1019 4929 pendeamus
1047 4852 1182 4930 opmtet3
1214 4869 1287 4914 cum
1314 4853 1421 4913 autem
1450 4844 1605 4911 librarius
1631 4849 1737 4910 noster
1766 4845 1803 4908 in
1827 4842 2010 4908 nominibus

357 4948 619 5014 bansscmbendis
639 4949 805 5016 minimam
826 4950 1008 5017 adibant
1028 4951 1131 5033 pidem
1153 4972 1265 5033 panca
1286 4951 1386 5032 recipi
1401 4954 1586 5031 potionunt.

454 5174 499 5228 31.
533 5175 559 5243 ο)
578 5176 658 5231 aa·
675 5179 794 5231 3333.
865 5179 890 5246 υ)
909 5176 951 5230 o·
968 5178 1450 5246 om.o1u;c*voaa0us‚c1ua.
1521 5179 1544 5246 ο)
1564 5179 1603 5230 3*
1621 5180 1713 5246 scoot
1783 5172 1809 5241 ⁶)
1830 5174 1880 5259 0?-

458 5313 479 5383 ¹)
499 5312 540 5380 Os.
559 5313 644 5370 N.A.
663 5314 757 5379 13334.
845 5316 868 5385 ¹)
888 5314 1074 5381 Riduiaide
1089 5315 1218 5385 Apbolta
1241 5316 1409 5385 (Aptaltum)
1425 5315 1513 5384 filius,
1533 5331 1609 5384 quem
1627 5313 1747 5383 Panqerl
1768 5311 1886 5366 auctoru
1903 5312 2010 5366 nemine

357 5398 473 5469 molt,
494 5399 683 5457 kalmdaeicn
700 5402 818 5473 scripsit,
841 5419 874 5458 33
894 5408 1060 5458 meduanum
1081 5418 1142 5458 vero
1165 5403 1320 5458 nominibus
1342 5403 1411 5457 nidd
1428 5402 1684 5472 prodenduomsr.
1702 5400 1828 5469 tbopsd.
1847 5404 1873 5454 et
1891 5401 2009 5468 lbnov.)

357 5487 481 5542 wate.
573 5488 595 5558 ⁸)
616 5488 715 5545 Sembit
732 5490 816 5545 enin:
841 5490 945 5554 Alheit,
959 5490 1248 5562 Kunigundfflundis).
1261 5491 1435 5553 chunradus.
1447 5490 1567 5545 Diemud
1578 5490 1618 5545 oel
1628 5488 1764 5558 Dyemud.
1782 5488 1900 5555 Diodoti
1910 5487 2008 5557 byei)-

358 5586 457 5639 marm,
481 5574 639 5642 11Ιὶ3333311,
659 5576 726 5631 Hflr.
746 5579 788 5644 (=
800 5576 995 5649 H(ai)nricus).
1019 5577 1180 5644 Hertbicus,
1203 5577 1354 5647 Lcmkart,
1373 5577 1475 5643 toldus,
1495 5577 1614 5647 polduc),
1637 5576 1810 5639 Radbertus,
1833 5574 2009 5645 liudolphus,

359 5655 509 5725 Vdalricns,
519 5660 639 5727 vlricuc
652 5663 830 5719 Wilhalmus.
914 5668 936 5736 ὗ)
956 5669 969 5720 1
980 5666 1025 5733 tol.
1038 5666 1154 5735 (ll-22
1163 5668 1236 5736 auq.)
1242 5684 1252 5733 ,·
1268 5667 1285 5720 2
1294 5665 1341 5732 sol.
1353 5665 1382 5734 (4
1389 5696 1418 5704 -
1425 5665 1458 5719 27
1468 5666 1559 5734 3313),-
1575 5667 1593 5719 2
1603 5664 1650 5732 fol.
1664 5666 1692 5733 (2
1700 5663 1821 5718 oet-li
1829 5663 1916 5731 nov.),·
1932 5662 1950 5716 3
1960 5662 2008 5729 sol.

358 5743 399 5811 (ll
410 5749 546 5804 noa-31
557 5748 631 5821 333).

454 5844 540 5900 Nm
558 5845 660 5902 33333.
1765 5846 1802 5903 40
