4648 6472
332 1461 1008 1588 NEOROLOGIUM
1044 1460 1562 1585 ADMUNTEN
1571 1461 1692 1583 SE.

292 1766 486 1860 Peaeum
499 1792 733 1859 ecmannus
760 1792 871 1857 amus
898 1790 1269 1870 adunassemus,
1297 1812 1323 1855 s.
1339 1791 1472 1856 Manu
1498 1796 1529 1856 e
1555 1813 1580 1856 s.
1596 1790 1712 1856 cusu
1738 1811 1843 1869 saec,

191 1898 269 1962 inter
284 1895 411 1981 Styriae
429 1898 624 1963 monasteria
643 1897 781 1979 maionis
802 1896 839 1960 iu
860 1916 927 1977 qua
947 1895 1012 1960 sita
1033 1901 1080 1959 est
1101 1895 1300 1975 amenitate,
1322 1896 1523 1978 ontr'epuitate,
1539 1901 1706 1978 potestate,
1729 1895 1846 1960 litteris

191 2001 391 2082 celeberrima,
413 2025 443 2068 a.
466 2024 491 2067 s.
512 2002 679 2067 Gebhardo
701 2000 935 2082 Salisburqensi
956 2000 1190 2081 archiepiscopo
1211 2003 1343 2064 a.1074
1366 2001 1502 2078 neredita,
1523 2001 1739 2083 praediisque,
1762 2020 1844 2082 quae

191 2106 331 2186 Hormina,
356 2107 479 2189 femina
501 2129 518 2171 e
538 2105 735 2171 mbdissima
756 2103 847 2169 illius
868 2109 971 2168 terroe
991 2105 1091 2185 stirpe
1112 2109 1193 2185 orta,
1221 2103 1388 2170 Balduino
1409 2105 1580 2171 Iuvavensi
1601 2104 1843 2186 archiepiscopo,

189 2218 224 2277 ut
242 2212 469 2278 monasterinm
490 2215 735 2288 construeretur,
758 2209 945 2288 tradiderat,
968 2207 1045 2272 aliis
1065 2229 1187 2290 quoque
1209 2229 1231 2272 a
1255 2208 1422 2274 Gebbardo
1443 2209 1577 2274 adiectis
1590 2209 1846 2292 possessionibus

190 2317 305 2382 mnan
324 2320 379 2382 est.
417 2314 547 2380 Primos
567 2334 646 2379 novo
668 2312 780 2395 templo
794 2313 971 2378 sacerdotes
983 2312 1140 2394 fundator
1161 2335 1201 2377 er
1222 2334 1247 2377 s.
1264 2312 1356 2378 Petri
1370 2313 1605 2397 Salisburpensi
1626 2315 1703 2380 aede
1725 2314 1845 2379 arcessi

189 2422 294 2499 iussit,
325 2419 533 2503 Greyumnis
561 2416 705 2483 consiliis
729 2417 807 2482 adeo
834 2416 969 2495 deditos,
997 2420 1037 2479 ut
1063 2414 1218 2480 sodalitas
1237 2416 1469 2481 Admuntensis
1494 2417 1716 2498 firmissimum
1736 2439 1846 2501 papae

184 2524 382 2605 praesidium
403 2524 501 2605 fieret.

293 2627 395 2695 Onius
409 2626 556 2693 onustae
571 2625 747 2708 complicita
761 2624 939 2709 aucupia
947 2626 1125 2706 periemeut,
1141 2625 1298 2704 incendio,
1309 2631 1400 2710 puto,
1416 2614 1593 2709 absumpta,
1616 2626 1702 2709 quod
1717 2648 1748 2691 a.
1760 2627 1845 2690 1865

188 2732 352 2800 nonnullos
373 2730 573 2797 bibliothecae
587 2730 819 2795 Admuntensis
840 2728 961 2794 codices
982 2728 1102 2793 delevit.
1143 2729 1231 2811 Quae
1252 2735 1434 2811 supersunt,
1455 2751 1478 2793 a
1492 2728 1532 2794 P.
1548 2729 1662 2795 Iaeobo
1683 2729 1841 2809 Wiclner,

188 2835 422 2919 dilipentissimo
443 2856 553 2900 rerum
572 2839 733 2917 pestarnm
753 2833 941 2897 monasterii
961 2833 1016 2898 sui
1036 2832 1270 2915 inoestipatore‚
1298 2831 1469 2898 mnerabili
1490 2832 1617 2899 domiuo
1638 2833 1749 2900 abbate
1771 2854 1844 2899 con·

187 2941 343 3020 mutem,
365 2941 445 3005 mibi
462 2938 680 3004 Vindobonam
701 2938 892 3002 trainmissa
913 2941 998 3001 ment.
1039 2937 1127 3019 0000
1142 2937 1329 3002 documenta
1350 2937 1403 3002 lic
1424 2937 1535 3003 ordine
1552 2959 1739 3004 munerare
1760 2937 1842 3003 libet.

291 3066 321 3129 1.
349 3060 568 3144 Neeroiooium
583 3060 625 3138 A,
647 3080 670 3122 a
689 3058 728 3124 P.
744 3059 858 3124 Iacobo
879 3059 916 3123 in
937 3058 1040 3124 codice
1055 3058 1270 3123 Admuntensi
1285 3058 1348 3122 575
1370 3078 1482 3140 nuper,
1505 3058 1583 3123 dum
1604 3078 1684 3141 opus
1698 3064 1843 3126 nostrum

187 3165 252 3230 iam
265 3164 393 3247 prelum
414 3164 597 3230 subiturum
619 3168 697 3242 erat,
718 3168 886 3245 repertum,
919 3165 940 3225 6
960 3160 1048 3244 foliis
1069 3162 1314 3227 munbraweis
1335 3167 1474 3241 constat,
1504 3162 1542 3227 in
1561 3162 1678 3245 quom
1701 3185 1781 3229 saec.
1801 3167 1845 3229 12

187 3268 339 3334 librarius
371 3268 590 3334 calendarium
619 3268 821 3350 omnuipsit,·
854 3271 1053 3332 mortuorum
1084 3270 1190 3331 autem
1215 3287 1327 3347 pauca
1355 3266 1486 3332 nomina
1520 3266 1734 3348 compluribus
1767 3266 1844 3332 aliis

186 3377 332 3441 mnibus
352 3374 466 3440 addita
486 3378 572 3439 seut.
629 3374 717 3456 Quae
740 3372 926 3454 plerumque
951 3372 997 3436 ad
1017 3390 1097 3436 saec.
1114 3372 1166 3436 12.
1189 3371 1321 3436 nomina
1341 3370 1540 3452 referuntur,
1572 3371 1842 3453 antiquissimum,

185 3486 340 3562 piamun
354 3498 534 3562 copioscere
553 3476 633 3556 licet,
655 3477 700 3541 ad
721 3497 751 3541 a.
768 3477 863 3556 1105,
885 3475 1090 3541 nemesium
1111 3475 1156 3539 ad
1176 3496 1207 3540 a.
1224 3474 1318 3539 1158.
1357 3473 1527 3556 Pupama
1549 3478 1600 3540 13.
1614 3495 1695 3542 saec.
1710 3477 1842 3543 nomina

185 3585 310 3650 educta
329 3589 415 3650 ment.

287 3691 318 3755 2.
348 3686 591 3770 Fropnentmn,
625 3704 648 3747 a
674 3704 722 3749 mc
747 3682 806 3748 Fr.
833 3684 1012 3768 sipnatmm
1047 3705 1069 3748 o
1096 3683 1134 3749 P.
1162 3683 1275 3749 Iacobo
1303 3703 1343 3748 eu
1368 3682 1473 3748 codice
1495 3685 1559 3748 180
1591 3683 1745 3762 solutum,
1776 3684 1844 3749 dies

185 3813 206 3856 a
226 3796 258 3857 3.
274 3793 320 3860 id.
334 3813 403 3857 noc.
418 3810 519 3874 usque
540 3788 590 3853 ad
606 3792 637 3852 7.
653 3787 716 3853 liat.
732 3788 796 3854 dec.
811 3788 1022 3874 complectens,
1036 3787 1140 3871 poulo
1156 3794 1231 3871 post
1245 3787 1558 3870 mediumsaec.12.,
1581 3788 1649 3854 nisi
1663 3786 1844 3854 litterarum

185 3897 292 3981 apices
311 3895 438 3979 sudant,
462 3892 646 3959 incolatum
668 3898 722 3959 est.

290 4004 320 4065 3.
350 3997 573 4082 Necrolcpium
586 3998 629 4063 A‘
641 3997 668 4084 ¹)
691 3996 795 4062 codice
818 3997 881 4059 686
902 3997 1070 4062 memmiae
1090 4002 1246 4062 servatur.
1286 3994 1446 4079 Ompiucm
1467 3997 1567 4079 coepit
1587 3998 1675 4062 circa
1695 3997 1844 4075 a.1170;

184 4103 385 4185 familiarum
407 4102 606 4185 00000000
626 4101 758 4168 nomina
779 4099 865 4165 aliae
885 4121 978 4183 saepe
999 4106 1095 4184 atque
1115 4102 1247 4167 uomina
1262 4102 1401 4183 propria
1423 4099 1586 4168 bominum
1608 4102 1695 4184 ipsa
1726 4120 1844 4166 maniis

185 4213 405 4274 uaraouunt.
942 4269 945 4275 .

287 4318 318 4380 4.
345 4312 388 4391 B,
409 4311 495 4393 quod
515 4311 552 4375 in
573 4311 676 4376 codice
699 4313 762 4375 184
784 4316 896 4389 exstat,
919 4309 1010 4376 laud
1030 4310 1166 4376 miiitum
1181 4315 1257 4392 post
1278 4330 1309 4376 a.
1326 4311 1413 4374 1202
1434 4310 1531 4374 scribi
1553 4315 1695 4391 coeptum
1717 4315 1772 4374 est.

288 4419 329 4482 A‘
352 4420 381 4481 et
402 4415 438 4481 B
458 4414 548 4480 ultra
570 4414 710 4480 medium
731 4435 811 4479 saec.
828 4418 871 4479 13
893 4415 1174 4481 continuabantur.
1230 4414 1354 4479 Eadem
1374 4412 1552 4496 necrolrpia
1572 4414 1622 4478 uir
1644 4413 1843 4478 clarissimus

185 4521 228 4587 D.
243 4521 284 4588 G.
296 4521 405 4586 Friess
424 4521 462 4585 in
482 4518 624 4599 ,Arabio
638 4518 695 4600 fiir
714 4519 982 4585 oesterreicliscle
999 4518 1203 4585 Gaelunu‘
1224 4524 1247 4585 t.
1262 4521 1304 4582 66
1324 4517 1440 4597 edidit,
1462 4517 1519 4583 ubi
1539 4517 1575 4583 B
1594 4516 1843 4600 necrolopiumI,

185 4628 226 4690 A'
248 4624 459 4708 ncuolopinm
473 4624 519 4688 II
534 4628 713 4704 nuncupat.
758 4622 810 4689 De
831 4623 891 4688 bac
913 4623 1049 4689 editione
1070 4622 1112 4704 cf.
1135 4621 1179 4688 N.
1194 4622 1237 4688 A.
1257 4625 1308 4700 13,
1321 4622 1396 4687 291.

289 4748 317 4811 5.
334 4750 364 4811 6.
378 4750 409 4810 7.
428 4744 463 4823 0,
478 4743 514 4809 D
528 4749 559 4810 et
573 4742 611 4808 P.
649 4745 692 4809 In
708 4742 812 4810 Petrii
833 4743 1068 4826 „scriptoribus
1080 4765 1188 4809 rerum
1202 4742 1476 4808 Austriacarum“
1487 4742 1512 4826 ¹)
1536 4745 1558 4805 t.
1574 4743 1625 4821 II,
1639 4743 1713 4824 198,
1735 4762 1843 4808 neero-

186 4850 302 4933 lopium
322 4849 446 4933 luitur,
469 4848 555 4931 qnod
575 4869 615 4913 ec
629 4848 752 4913 dnobus
765 4850 951 4914 monasterii
961 4848 1194 4915 Acmonensis
1208 4847 1368 4913 codicibus
1388 4868 1422 4912 se
1435 4846 1581 4911 laenius
1596 4846 1699 4912 editor
1712 4847 1845 4925 asserit;

186 4953 321 5019 cliuum
342 4954 426 5019 enirn
448 4954 629 5033 „saec.12.,
651 4952 788 5018 alterum
805 4953 950 5038 proaime
963 4954 1158 5036 insequentis
1179 4974 1280 5018 manu
1299 4957 1478 5029 enaratmn,
1500 4955 1672 5032 utmrmque
1687 4950 1843 5032 posterio-

186 5079 260 5122 rum
282 5063 453 5139 turpumm
475 5057 703 5122 additamentis
724 5061 856 5122 auctam
878 5063 963 5122 esse“
985 5062 1130 5123 testatur.
1168 5056 1379 5138 Enemplaria
1400 5056 1473 5138 ipsa
1488 5056 1677 5137 perierunt;
1699 5060 1846 5138 accepta

186 5183 271 5241 cero,
297 5162 398 5228 Peteii
426 5162 563 5228 editiom
584 5162 767 5227 nominibus
787 5161 921 5239 ditiora,
949 5163 987 5227 in
1008 5162 1205 5228 collectaneis
1227 5162 1345 5228 codicis
1369 5162 1413 5227 29
1435 5158 1636 5226 bibliothecae
1661 5159 1847 5225 morrasterii

190 5264 356 5347 demetb,
385 5272 416 5332 et
442 5266 560 5333 uenis
591 5266 685 5333 XXI
686 5266 778 5353 01210
803 5287 829 5330 s.
852 5264 952 5332 Pauli
979 5267 1015 5332 in
1040 5267 1122 5333 cade
1143 5268 1324 5333 Larentina
1349 5266 1565 5349 reperiuntur.
1615 5264 1671 5330 Eu
1698 5263 1750 5330 lis
1775 5284 1846 5349 moa

306 5447 473 5454 -————

292 5562 312 5627 ¹)
334 5559 401 5615 000
418 5561 510 5616 omnia
527 5559 884 5629 uuroiopiaAdrnuntensia
901 5578 921 5612 a
937 5559 1128 5630 medeuripta,
1146 5560 1262 5631 donata,
1280 5558 1500 5613 amiotatiombne
1513 5558 1754 5626 dlmrataoesont,
1772 5561 1846 5613 anu-

190 5660 273 5712 um
289 5646 323 5701 P.
339 5647 465 5702 Wiclmer
486 5647 663 5717 nuwtcptum
680 5647 876 5715 100000,
898 5647 1027 5717 sipbrnm
1042 5647 1161 5703 ordinem
1179 5648 1264 5718 plane
1277 5652 1421 5717 pumnere
1438 5644 1547 5713 difficile
1563 5645 1650 5701 visum
1665 5650 1733 5715 erat,
1756 5644 1848 5715 itapee

189 5732 1447 5805 molop'ienodnunecasmmdotertinmfactmncet,cipmmeaAinA‘mutaot

1584 5826 1640 5881 37*
