4824 6472
412 507 453 561 VI
1148 503 1366 559 PRAEFATIO.

514 679 558 744 In
581 683 685 743 textm

618 805 768 871 litteris
789 803 1024 879 maioribus,
1047 824 1129 884 quas
1146 824 1262 885 corpus
1275 810 1397 883 vocant,
1413 806 1666 888 uninsminsqne
1679 808 1873 891 monumenti
1886 805 2072 889 necrolopici

669 916 913 997 antiquissimae
943 920 1057 996 partes
1087 935 1155 980 999
1187 916 1355 998 99999999
1383 938 1484 982 manu
1512 918 1666 983 continua
1697 913 1893 999 cmnaiptae
1920 940 1977 984 nec
2007 939 2072 984 non

665 1029 793 1110 primae
806 1047 924 1092 manns
937 1027 1157 1092 additamerrta
1171 1048 1320 1110 expressa
1337 1035 1432 1109 sunt‚·
1451 1050 1534 1111 quae
1547 1030 1767 1094 additamenta
1781 1031 1931 1095 asterisco
1947 1032 1964 1068 *
1972 1006 2071 1112 prae·

662 1141 770 1221 posito
792 1139 945 1204 <instincta
967 1138 1125 1221 lepnntur.
1167 1141 1217 1220 Cf.
1241 1164 1265 1206 e.
1279 1164 1309 1224 9.
1327 1163 1362 1226 p.
1378 1147 1422 1206 46
1443 1142 1536 1208 coi3
1558 1164 1586 1206 9.
1604 1145 1625 1206 3
1646 1154 1677 1207 et
1698 1146 1729 1207 4.
1823 1169 1829 1177 ·
2059 1133 2065 1142 ⁹

618 1269 770 1334 litteris
792 1270 1006 1334 minoribns
1026 1270 1170 1336 aliarum
1191 1292 1347 1337 manumn
1367 1273 1589 1337 additamenta
1610 1272 1762 1340 indicavi.

400 1412 405 1420 '
513 1400 558 1465 In
578 1399 664 1464 notis
684 1397 733 1464 oei
748 1400 1022 1482 praefationibus:

617 1527 724 1608 typis
744 1526 923 1590 cursivis
944 1527 1076 1592 editmis
1096 1528 1199 1606 nota,

618 1653 775 1720 litteris
810 1675 881 1720 ocra
914 1656 1031 1720 rectis
1068 1676 1106 1719 ea
1140 1655 1337 1737 sipnificaoi‚
1371 1676 1454 1737 quae
1483 1676 1523 1720 en
1556 1656 1660 1721 codice
1692 1657 1760 1738 ipsa
1795 1655 1953 1735 descripta
1983 1659 2069 1719 sunt.

674 1767 724 1846 Cf.
747 1789 772 1831 e.
786 1788 816 1850 9.
825 1787 903 1849 pop.
918 1769 963 1831 87
984 1769 1087 1832 nott
1107 1771 1137 1830 et
1159 1769 1189 1830 3.

513 1897 744 1961 Asteriscns
757 1897 776 1935 ³
791 1898 828 1960 in
849 1902 939 1961 tectu
960 1917 1058 1961 novae
1084 1917 1202 1961 manns
1222 1897 1419 1977 scripturam
1432 1897 1572 1978 incipere
1593 1902 1738 1963 testatur.
1776 1895 1867 1978 Quod
1887 1894 2072 1977 9999999

409 2007 486 2073 sotis
507 2007 598 2072 libris
618 2007 666 2073 oet
687 2007 840 2091 cutaiopis
861 2010 1005 2088 fratrum
1027 2009 1177 2087 invenies,
1199 2010 1256 2073 nbi
1277 2008 1378 2073 multa
1400 2010 1532 2073 nomina
1553 2029 1621 2074 una
1642 2028 1743 2073 manu
1764 2008 1896 2072 exarari
1915 2005 2071 2085 solebant;

410 2120 447 2184 in
474 2118 659 2202 nemoiapiis
684 2126 911 2203 actamquae
931 2120 1065 2203 proprie
1093 2121 1261 2200 dicuntur,
1283 2142 1356 2185 cum
1377 2127 1510 2203 praeter
1540 2127 1637 2203 caput
1662 2120 1860 2203 primarium
1886 2120 2071 2183 continuam

409 2233 603 2314 scripturam
627 2234 793 2298 rarissime
821 2233 1001 2311 maricam,
1024 2234 1191 2299 astanscos
1211 2255 1276 2300 non
1302 2234 1447 2299 adhibui.
1498 2233 1561 2301 Ubi
1587 2233 1623 2298 in
1652 2232 1743 2297 toas
1769 2230 2071 2309 confraternitatum

410 2349 516 2409 textus
536 2344 691 2410 columnis
711 2344 893 2425 disponitur
914 2346 1139 2428 nominumque
1158 2345 1331 2427 complures
1348 2347 1475 2412 ordines
1495 2345 1710 2427 compluribus
1726 2344 1875 2410 maniims
1893 2341 2020 2407 enormi
2033 2342 2070 2407 in

409 2476 479 2522 una
499 2458 669 2540 99999999
689 2457 839 2521 columna
861 2457 956 2521 inata
978 2456 1121 2523 collocati
1134 2464 1219 2536 snut,
1241 2459 1422 2540 scripturas
1440 2459 1491 2523 itu
1505 2458 1651 2535 distinxi,
1673 2462 1711 2521 ut
1725 2477 1762 2521 ea
1777 2476 1859 2538 9999
1872 2454 1917 2519 ad
1929 2453 2071 2537 simpulos

404 2570 567 2651 pertinent
593 2571 773 2647 asteriscos,
797 2569 837 2634 ab
865 2568 943 2634 aliis
968 2569 1133 2635 intervallo
1158 2577 1355 2652 separentur.
1405 2571 1455 2650 Cf.
1476 2593 1500 2636 e
1520 2593 1551 2653 9.
1572 2591 1650 2654 pap.
1674 2570 1716 2633 14
1737 2568 1794 2634 col.
1816 2570 1858 2632 35
1880 2588 1909 2633 9.
1928 2571 1951 2631 3
1971 2586 2071 2648 sepa:

409 2701 437 2746 9.
452 2683 483 2744 3.
499 2679 683 2746 Uuisucnrt.
699 2680 815 2745 Fresin
844 2686 874 2746 et
900 2702 928 2746 9.
944 2686 976 2748 4.
1000 2681 1160 2748 Reosmot
1186 2685 1295 2750 cadem
1322 2704 1423 2749 mann
1453 2683 1575 2764 scripta
1599 2687 1695 2760 sum·
1722 2702 1751 2746 9.
1771 2685 1801 2745 4.
1832 2677 1976 2745 cotahilt
2002 2677 2071 2742 alia

409 2812 522 2870 manu,
555 2814 628 2857 cum
654 2793 842 2859 asteriscum
875 2793 1036 2873 manica&
1062 2794 1132 2860 o.5
1160 2814 1282 2875 quoque
1310 2792 1451 2858 Heilrst.
1473 2791 1581 2858 Marta
1608 2791 1697 2857 alius
1727 2791 1873 2856 caaraoit
1905 2790 2069 2855 librarius.
2192 2770 2195 2775 ’

409 2903 552 2989 Liupota
581 2925 665 2982 vero,
696 2905 862 2971 interuallo
888 2926 911 2969 a
939 2906 1047 2969 Marte
1078 2911 1277 2986 separatum,
1305 2905 1350 2970 ad
1375 2905 1476 2991 Alpni
1501 2925 1530 2970 9.
1551 2909 1587 2980 4,
1615 2904 1674 2970 sub
1701 2923 1763 2985 999
1789 2901 1904 2985 lepitm
1933 2902 2069 2979 nomine,

404 3017 554 3097 pertinet.

512 3143 741 3208 Asteriscus
756 3143 774 3181 *
789 3143 826 3206 in
846 3144 931 3208 notis
953 3145 1095 3209 mdicnm
1117 3143 1206 3228 siplis
1227 3145 1371 3209 9999199
1391 3150 1429 3209 ut
1443 3144 1512 3223 13³,
1534 3144 1598 3224 E*,
1620 3144 1716 3222 docet,
1741 3144 1776 3208 id
1788 3163 1902 3209 nantem
1922 3142 1968 3207 ad
1987 3141 2072 3225 quod

409 3261 486 3321 nota
506 3255 658 3339 refertur,
680 3256 778 3320 ctiam
798 3257 836 3320 in
857 3256 1017 3321 coniciens
1030 3256 1065 3320 Β
1079 3261 1110 3321 et
1124 3256 1160 3320 Ε
1179 3255 1247 3339 lapi,
1270 3256 1375 3338 virique
1390 3258 1503 3339 prima
1524 3276 1624 3320 mann
1644 3256 1801 3338 scriptum
1821 3276 1897 3320 esse.
1935 3253 1985 3334 Os.
2000 3277 2025 3321 e.
2039 3276 2068 3338 9.

402 3387 478 3450 pap.
494 3369 546 3445 91,
570 3368 673 3431 1ian.
697 3372 760 3433 not.
774 3388 811 3450 9.·
836 3367 892 3433 θ*
905 3367 1095 3445 hirlandis·
1116 3368 1152 3432 id
1172 3373 1236 3432 est:
1257 3388 1370 3433 nomen
1390 3369 1428 3433 in
1448 3373 1538 3434 tectu
1558 3368 1618 3433 snb
1639 3369 1746 3447 [oraro
1764 3365 1948 3433 Leukardis
1969 3367 2070 3451 scrip-

408 3486 476 3544 tum
505 3479 601 3544 etiam
631 3479 668 3543 in
696 3478 799 3544 codiee
831 3479 861 3543 G
891 3478 1020 3563 lepitm,
1048 3480 1153 3562 ibique
1175 3481 1284 3562 prima
1312 3500 1412 3545 mann
1438 3486 1609 3545 ecaratam
1638 3485 1669 3545 et
1698 3481 1736 3545 in
1764 3479 1937 3545 Livksrdis
1964 3484 2070 3545 muta·

411 3597 479 3656 tum
501 3596 556 3657 est.

512 3721 557 3786 Si
579 3719 715 3784 littera
737 3740 816 3801 999
838 3719 956 3784 cades
977 3721 1166 3804 sipnatnr
1187 3721 1374 3786 asterisco
1395 3725 1520 3800 caret,
1542 3740 1656 3786 nantem
1677 3719 1715 3784 de
1735 3739 1798 3801 qua
1819 3720 1857 3783 in
1870 3725 1947 3785 nata
1960 3720 2071 3802 upitm

408 3834 494 3900 inter
514 3832 736 3897 9999999919
756 3831 802 3896 ad
822 3830 950 3896 mutati
971 3831 1089 3896 codicis
1109 3832 1371 3914 antiquissimam
1385 3838 1515 3914 partem
1528 3832 1670 3897 inveniri
1690 3832 1784 3896 scias.
1828 3830 1870 3897 E.
1884 3853 1914 3913 9.
1925 3852 2000 3915 pap.
2017 3833 2068 3911 91,

409 3946 510 4011 lion.
533 3949 597 4011 not.
613 3943 654 4008 tr:
679 3942 710 4009 G
731 3942 987 4022 Nurenberkch;
1013 3943 1049 4007 id
1070 3949 1132 4008 est:
1158 3943 1376 4031 Nirenbergo
1397 3946 1483 4027 quod
1503 3946 1540 4009 in
1561 3944 1665 4010 codice
1687 3944 1722 4008 Ε
1741 3943 1864 4026 199999,
1887 3945 1924 4008 in
1948 3945 1981 4011 G
2001 3942 2070 4008 alia

409 4076 509 4121 manu
535 4055 684 4120 9919999
712 4054 949 4120 Nurenberkah
976 4055 1118 4140 foratam
1143 4058 1281 4138 accepit;
1306 4057 1422 4123 ibidem
1450 4061 1528 4122 nom
1548 4077 1580 4122 e:
1608 4055 1708 4122 EFG
1722 4054 1937 4121 Wolffinrdus
1958 4076 2068 4121 nomen

410 4173 447 4235 in
467 4169 519 4233 nis
540 4167 701 4233 meacm
722 4168 828 4232 eadem
850 4169 956 4247 [mnia
978 4168 1067 4233 tradi
1089 4172 1234 4233 testatur.
1662 4184 1669 4194 ·

511 4297 767 4363 Numerarnm
789 4299 899 4377 natis,
921 4303 959 4373 ut
968 4319 1044 4381 999.
1060 4300 1113 4376 91,
1136 4302 1156 4361 1
1171 4299 1239 4363 ian.
1254 4299 1292 4364 in
1311 4304 1415 4364 testu:
1438 4303 1488 4377 11,
1511 4298 1562 4377 12,
1586 4298 1692 4385 12113,
1713 4299 1894 4380 scripturae
1907 4295 2070 4362 sacocum

408 4410 619 4493 sipiificatur.

511 4539 663 4605 Puncta
687 4588 795 4606 .....
817 4538 920 4604 lacum
948 4561 1039 4621 quem
1069 4538 1168 4622 tepere
1197 4560 1263 4604 non
1284 4541 1381 4620 potui
1406 4539 1454 4605 vel
1480 4540 1618 4622 epitheta
1645 4540 1798 4606 orrrarctia
1826 4539 1955 4622 aliaque
1976 4538 2069 4604 acrba

409 4674 431 4717 a
452 4674 500 4718 me
521 4653 639 4718 omissa
660 4673 725 4717 esse
745 4651 901 4717 indicant.

517 4781 614 4849 Unci
635 4781 796 4846 rotundi
817 4778 840 4863 (
851 4782 870 4865 )
892 4779 1017 4845 litteras
1038 4780 1086 4845 oei
1106 4781 1198 4846 rerba
1220 4779 1345 4845 inclusa
1366 4781 1406 4846 ab
1428 4781 1546 4846 editore
1567 4778 1713 4861 suppleta
1734 4801 1800 4844 csse
1821 4780 1977 4845 indicant.

517 4908 629 4975 Uncis
650 4909 861 4991 quadratis
874 4911 899 4994 [
908 4910 932 4994 ]
944 4931 1014 4976 cam
1024 4911 1219 4993 scripturam
1231 4910 1376 4988 dc'stirici,
1392 4930 1482 4991 quae,
1494 4909 1565 4974 licet
1578 4929 1643 4974 non
1657 4910 1701 4973 sit
1715 4910 1952 4990 antiquissimu,
1963 4914 2069 4973 tamen

408 5023 572 5087 nominum
587 5026 792 5087 9999919999
807 5021 969 5104 copiarui
982 5022 1083 5087 aliam
1098 5022 1134 5088 ab
1150 5043 1282 5088 cansam
1297 5023 1382 5087 tanti
1395 5028 1441 5089 est
1457 5022 1613 5100 momenti,
1629 5025 1667 5086 ut
1679 5040 1749 5087 eam
1762 5023 1905 5105 capnosci
1917 5024 2067 5103 oporteat.

511 5150 618 5235 Sipia
639 5174 721 5236 qnae
743 5154 781 5217 in
802 5156 890 5219 testu
913 5153 1056 5233 99199999
1078 5159 1156 5219 snut
1177 5154 1271 5220 iaec:

512 5307 538 5343 a.
551 5313 585 5336 =
596 5307 703 5357 annus,
721 5290 799 5357 anni,
817 5306 902 5346 anno.
921 5320 954 5331 —
973 5309 997 5345 9.
1011 5290 1038 5346 ci.
1052 5315 1085 5338 =
1098 5308 1173 5346 anna
1190 5291 1301 5347 domini.
1320 5322 1353 5332 -
1370 5291 1428 5346 abb.
1442 5314 1475 5337 =
1492 5289 1582 5345 moos.
1601 5320 1636 5330 -
1655 5289 1719 5344 acm
1731 5312 1765 5336 =
1783 5288 1926 5343 aunum.
1946 5317 1979 5327 -
1996 5287 2070 5355 acci,

408 5407 442 5431 =
458 5384 578 5439 acatius.
596 5414 629 5424 -
648 5385 740 5438 annio.
756 5407 789 5430 =
800 5386 1016 5454 anniversarius,
1034 5388 1259 5442 anniversarium.
1273 5418 1306 5428 -
1324 5384 1465 5441 arcicidiac
1480 5408 1513 5431 =
1525 5383 1742 5441 archidiaconus.
1754 5414 1787 5424 -
1804 5383 1921 5452 archiep.
1935 5405 1968 5429 =
1979 5381 2070 5438 archi·

408 5479 555 5549 epscopus.
573 5508 606 5517 -
625 5477 757 5547 arctipbr.
770 5501 804 5525 =
817 5479 1081 5549 9999999999.-
1099 5479 1220 5549 91)--9
1237 5510 1272 5521 -
1288 5497 1310 5537 c.
1324 5504 1357 5527 =
1369 5480 1546 5550 oonprapatio.
1560 5510 1593 5519 -
1608 5496 1668 5534 can.
1681 5502 1715 5525 =
1727 5479 1883 5533 canonicus.
1898 5507 1930 5519 -
1948 5477 2023 5547 cnm)
2036 5501 2069 5526 =

407 5573 508 5643 chorcp.
527 5596 560 5620 =
579 5573 1073 5642 dcarepiaaopus.-cia.=cicis.—
1089 5574 1540 5636 umalama-coam
1556 5574 1587 5627 in
1604 5573 1938 5643 semiprincipem·
1958 5588 2069 5628 corn:

514 5803 535 5865 ¹)
553 5798 591 5852 In
608 5799 689 5854 Lino
708 5798 971 5867 confraternitatum
988 5818 1009 5856 s.
1023 5801 1097 5857 Petri
1113 5804 1146 5857 in
1163 5802 1253 5859 codice
1268 5804 1327 5872 ipsa
1344 5803 1472 5865 omunia
1487 5799 1554 5870 quid
1572 5804 1662 5854 aman
1679 5798 1814 5869 sipnifioet,
1832 5798 1965 5853 incertum
1983 5802 2029 5852 est.
