4474 6476
743 474 902 533 1ND10UM
920 475 1138 556 ssccmmo.
1701 481 1762 545 471

123 656 212 740 (quas
235 674 337 737 supra
363 653 436 719 disi
464 674 514 719 me
539 651 601 717 sic:
629 657 685 716 a?
714 650 887 736 indicasse)
914 649 1092 733 spreverim.
1136 651 1210 717 Has
1236 650 1333 716 madii
1357 651 1428 717 acci
1455 652 1621 719 nominum
1642 651 1767 736 formas

123 762 156 827 in
173 761 276 826 indice
296 781 405 825 rerum
426 759 451 824 I
468 757 631 840 cmlicaoi

223 865 279 930 Ad
300 863 463 930 bominum
490 862 622 928 nomino
646 861 744 939 addo,
776 859 807 926 si
831 860 912 942 quid
938 860 1016 925 certi
1044 860 1115 925 crui
1138 865 1256 943 potest,
1283 880 1344 942 quo
1359 866 1468 943 patre,
1496 881 1558 943 quo
1579 881 1665 927 anno
1685 861 1766 940 nati,

123 966 231 1051 quibus
251 966 424 1033 munuc
440 964 553 1052 functi
574 966 654 1044 siut,
684 964 813 1047 quando
834 968 963 1029 mortem
991 963 1138 1043 obierint,
1169 962 1316 1030 mulieres
1344 965 1461 1047 quibus
1487 970 1517 1030 et
1544 984 1604 1046 quc
1632 970 1767 1047 tempore

124 1071 295 1152 nupserint.
329 1070 482 1152 Tempora
496 1089 593 1151 quam
603 1068 842 1133 accuratissime
850 1067 946 1151 potui
956 1066 1095 1147 definivi.
1127 1066 1184 1132 Aa
1196 1067 1331 1133 nodosas
1345 1068 1541 1151 quaestiones
1551 1068 1768 1152 penealopicas

118 1174 359 1261 pedractandas
373 1173 475 1256 plura
497 1194 536 1238 ecc
549 1171 691 1254 fontibus
704 1172 785 1254 ipsis
795 1169 941 1256 proferre
962 1169 1068 1250 nolui;
1089 1191 1165 1236 nam
1186 1170 1405 1250 siaoluissem,
1427 1171 1512 1237 bunc
1526 1171 1641 1238 librum
1662 1174 1766 1239 nescio

122 1284 189 1361 pact
210 1299 314 1344 annos
335 1279 371 1343 in
392 1278 522 1343 scriniis
541 1277 620 1342 oreis
633 1276 806 1342 debuissem
821 1276 963 1341 retinere.
1003 1275 1123 1341 Tamcn
1143 1275 1189 1339 ad
1207 1297 1259 1341 res
1272 1275 1499 1341 ecclesiasticum
1513 1275 1766 1360 Salisburpenscs

120 1382 265 1448 maiorem
279 1402 391 1447 curam
406 1380 548 1460 adhibui,
570 1382 620 1445 ita
641 1385 679 1444 ut
699 1380 744 1445 ad
764 1379 904 1445 homines
925 1380 983 1461 qui
995 1378 1148 1461 ampliore
1168 1380 1358 1444 auctoritate
1376 1381 1557 1460 utebamur,
1578 1380 1662 1446 uelut
1683 1382 1764 1462 epis·

122 1505 214 1567 copas,
237 1485 372 1564 abbatos,
392 1485 598 1567 praepositos,
621 1483 806 1549 adnotarem
827 1502 893 1548 nou
908 1481 1009 1547 solum
1023 1501 1105 1564 quae
1126 1503 1148 1547 a
1163 1483 1242 1547 ciris
1256 1483 1447 1548 doctissimis
1461 1482 1633 1565 explanata
1655 1489 1765 1562 essent,

119 1589 169 1654 sed
187 1589 284 1654 ctiam
305 1610 387 1655 noca
408 1589 565 1672 quaedem
585 1592 615 1653 ct
635 1587 698 1669 fide
712 1587 810 1670 dipuo
824 1607 906 1668 quoe
928 1586 995 1667 ipse
1017 1607 1033 1651 e
1053 1586 1260 1667 scriptoribus
1281 1586 1467 1669 cunalibus
1487 1585 1536 1652 ccl
1555 1587 1675 1653 cbartis
1696 1608 1764 1671 cop-

119 1694 275 1758 norisscm
323 1693 395 1775 Quo
416 1693 453 1758 iu
473 1713 509 1757 re
529 1712 610 1756 usus
630 1712 702 1756 sirm
723 1691 766 1756 iis
786 1690 913 1773 quidem
934 1689 1093 1756 codicibus
1114 1690 1335 1773 diplomaticis,
1357 1693 1414 1774 qui
1435 1693 1513 1758 editi
1536 1699 1630 1773 suut,·
1650 1694 1766 1776 quibus

118 1804 219 1863 uum
237 1819 309 1864 oum
324 1796 452 1863 abactae
465 1795 601 1862 saeerrlis
620 1794 718 1862 XIV.
740 1801 771 1860 et
791 1794 868 1862 XV.
890 1796 1028 1879 scriptae
1042 1795 1266 1861 contineamur
1279 1797 1377 1862 nimc's
1391 1818 1528 1878 paucae,
1551 1818 1672 1863 summo
1693 1818 1765 1861 cum

114 1900 227 1988 smctu
251 1901 453 1968 Graeciensis
480 1905 511 1965 ct
536 1897 820 1985 Klapensurtensis
846 1898 1077 1965 tabulariorum
1103 1900 1284 1965 inventaria
1311 1901 1427 1984 cprepie
1454 1902 1595 1980 confecta
1619 1922 1675 1967 nec
1700 1922 1765 1969 nou

117 2005 269 2088 uaedam
290 2004 491 2071 cbamularra
513 2003 659 2071 ommutui
680 2009 710 2068 et
732 2002 984 2068 Vindobouensia
1005 2008 1035 2068 ct
1056 2003 1276 2070 Monacensis.

224 2109 367 2175 Nomina
387 2128 509 2190 quoque
527 2107 735 2190 peoprapbioa
756 2127 803 2186 co,
826 2127 848 2171 a
869 2107 993 2189 quibus,
1015 2113 1053 2172 ut
1071 2128 1172 2192 supra
1187 2108 1326 2190 exposui,
1348 2108 1488 2174 homines
1501 2108 1580 2173 dicti
1600 2114 1685 2188 sunt,
1706 2109 1765 2173 ad·

119 2213 341 2292 notationibus,
363 2217 520 2295 quantum
541 2212 668 2294 quidem
690 2210 789 2290 licuit,
811 2212 1037 2293 interpretatus
1058 2232 1139 2277 sum.

222 2315 274 2382 De
294 2316 346 2382 bis
367 2316 458 2382 rebus
479 2336 562 2398 quae
583 2336 622 2380 en
644 2315 904 2380 adnotationibus
924 2315 969 2380 ad
989 2315 1061 2396 ipsa
1082 2314 1259 2399 uccrolopia
1279 2313 1413 2379 adiectis
1434 2314 1552 2379 barula
1573 2321 1650 2382 sunt
1671 2318 1764 2383 uncis

117 2421 262 2487 remudis
283 2422 334 2505 (),
355 2440 437 2503 quau
460 2440 531 2485 vcro
551 2418 599 2485 ael
620 2419 658 2484 dc
680 2440 745 2485 mco
766 2417 814 2484 uel
833 2417 972 2484 aliorum
993 2419 1112 2483 studiis
1133 2419 1226 2484 ursus
1247 2418 1314 2500 ipsc
1335 2418 1458 2497 addidi,
1480 2419 1574 2484 uncis
1594 2422 1764 2502 quadratis

115 2524 160 2610 [J
180 2524 315 2605 inclusi,·
335 2545 432 2607 quiam
453 2524 687 2589 distinctionem
708 2524 745 2588 in
765 2523 913 2587 minutiis
934 2528 1039 2588 tamen
1059 2522 1190 2606 ucplcai.

220 2629 345 2712 Siquis
359 2629 457 2694 buius
472 2628 589 2693 iudicis
603 2628 759 2693 rationem
772 2626 885 2692 melius
897 2626 971 2692 oclit
986 2648 1171 2710 copuosccre,
1194 2626 1275 2710 tepet
1297 2648 1322 2691 e.
1336 2648 1366 2709 p.
1381 2628 1567 2710 capitulum,
1590 2629 1643 2694 cui
1657 2628 1762 2695 Hein-

113 2732 180 2798 rich
202 2753 316 2800 nomen
335 2733 525 2815 inscriptum
547 2736 603 2799 est.

217 2856 270 2922 II.
289 2854 299 2876 ⁸
317 2856 456 2922 lnacoe
477 2870 627 2919 rerum
650 2851 766 2936 triplos
787 2857 848 2918 est:
870 2851 1119 2936 topoprapbicus,
1142 2851 1328 2934 officiorum,
1350 2853 1563 2919 donationum.

217 2959 259 3024 A.
305 2958 430 3023 Indcc
449 2957 607 3038 primus,
628 2976 719 3038 quem
733 2957 987 3040 topoprapliicum
998 2958 1077 3036 dici,
1092 2977 1158 3023 non
1171 2962 1238 3023 tam
1252 2957 1297 3022 ad
1310 2956 1445 3023 locorum
1459 2959 1606 3023 notitiam
1616 2960 1762 3041 pertinet,

112 3083 207 3144 quam
221 3083 329 3129 eorum
340 3061 482 3143 providet
492 3062 576 3140 usui,
589 3061 703 3142 quibus
717 3060 927 3142 ecclesiarum,
942 3066 1109 3140 terrorum
1121 3060 1368 3143 provinciaram,
1384 3062 1569 3144 oppidorum
1584 3069 1764 3146 compertus

110 3171 222 3248 oraru
235 3169 325 3251 est.¹)
359 3166 468 3248 Ncquc
483 3165 519 3230 in
533 3184 603 3230 eum
614 3185 719 3230 munes
728 3186 779 3230 res
790 3165 1017 3249 peopraplricas
1030 3166 1176 3248 conpesci,
1190 3184 1381 3247 quanmuam
1391 3185 1490 3246 spero,
1506 3166 1614 3231 omma
1627 3166 1763 3233 locorum

110 3272 239 3336 nomim
260 3272 297 3337 in
318 3271 370 3335 bis
389 3270 467 3335 meis
486 3268 645 3334 indicibus
655 3268 807 3354 futurum
825 3291 890 3336 esse
910 3275 946 3334 ut
955 3271 1082 3352 possint
1095 3270 1242 3348 inveniri,
1265 3269 1381 3351 siquis
1395 3270 1546 3335 munoria
1560 3275 1665 3336 tcneat
1686 3270 1763 3350 alia,

105 3381 204 3456 procu
225 3396 277 3441 rcs
297 3375 459 3452 suasisset,
481 3373 518 3438 in
539 3373 674 3439 iudicem
694 3374 868 3452 nominum,
889 3373 958 3439 alra
979 3375 1016 3439 in
1036 3374 1173 3439 iudicem
1194 3372 1457 3456 topoprapbicum,
1479 3372 1548 3437 alia
1570 3375 1606 3439 in
1627 3375 1763 3441 iudicem

109 3477 319 3545 mianum
340 3477 411 3560 (sub
431 3476 521 3543 aerbo
543 3477 693 3564 praedia)
716 3477 856 3543 coniecta
877 3497 952 3543 csse.

218 3580 261 3645 In
289 3580 346 3646 boc
374 3601 494 3664 quoque
520 3581 625 3647 iudice
647 3579 775 3666 formae
802 3579 965 3646 nominum
992 3579 1102 3645 celeris
1129 3579 1223 3645 rebus
1236 3580 1433 3662 praecedunt
1459 3581 1515 3647 sed
1540 3582 1588 3647 ita
1615 3587 1651 3647 ut
1673 3603 1762 3649 cccr-

107 3683 195 3749 dium
230 3686 418 3767 sumpserim
445 3706 462 3750 c
487 3685 602 3764 sumis
626 3690 737 3749 nostra
763 3688 867 3749 auore
894 3683 1040 3762 usitatis;
1072 3703 1150 3748 nam
1182 3683 1233 3747 bic
1263 3683 1432 3749 admodum
1456 3704 1566 3768 pauca
1593 3693 1762 3752 ocurrrunt

107 3789 240 3853 nomina
260 3789 481 3872 pcoprapbica,
512 3789 550 3854 dc
577 3788 692 3871 quibis
722 3788 826 3853 adbuc
845 3792 950 3870 potest
978 3788 1131 3854 dubitari.
1167 3788 1224 3853 Ao
1248 3788 1392 3870 sinpulas
1419 3787 1564 3854 ecclesias
1587 3788 1635 3855 od
1658 3795 1762 3856 terras

107 3892 229 3957 auedit
256 3892 417 3975 culalopus
442 3913 563 3972 corum,
594 3892 710 3974 quibus
742 3891 779 3956 in
806 3892 849 3956 iis
876 3891 952 3957 locis
976 3892 1079 3956 maior
1104 3889 1216 3973 aliquo
1236 3896 1378 3973 potestas
1405 3890 1453 3957 ccl
1473 3893 1650 3958 auctoritas
1675 3899 1762 3959 crat:

103 4016 298 4063 summorum
318 3998 512 4081 pontificum,
543 3996 766 4078 episcoporum,
788 3996 935 4061 abbatum
951 3996 1363 4080 praepositurarum,
1379 3996 1581 4078 principum,
1603 3998 1760 4078 comitum,

104 4120 161 4165 ncc
183 4120 251 4166 non
272 4121 393 4181 eorum,
425 4101 481 4183 qui
501 4099 716 4177 ecclisiarum,
743 4104 916 4180 terrarum,
948 4100 1112 4165 curiarum
1139 4100 1257 4182 officiis
1283 4099 1510 4182 insrpnioribru
1536 4100 1760 4185 sunpebantur,

105 4203 375 4283 ministerialium,
395 4224 562 4286 procerum
576 4204 741 4269 ciuitatum
763 4207 793 4267 ct
807 4203 931 4269 noima.
973 4201 1107 4269 Ordines
1121 4204 1258 4269 minores
1278 4201 1362 4268 velut
1375 4203 1607 4283 monachorum,
1629 4207 1760 4273 canoni·

104 4326 229 4385 eonem,
248 4307 516 4392 presbyterorum,
538 4311 574 4371 ul
595 4306 727 4371 obortae
741 4326 919 4387 parumn,
936 4307 1148 4388 practumisi.
1196 4306 1426 4372 Tantummodo
1446 4307 1484 4371 in
1510 4307 1552 4371 iis
1573 4309 1759 4393 episcopati·

105 4408 179 4489 bus,
210 4411 268 4493 qui
292 4411 346 4475 sui
371 4410 455 4476 iuris
483 4414 588 4490 erant,
619 4431 644 4475 c.
658 4431 687 4494 p.
711 4409 957 4492 Salisburpensi,
987 4409 1227 4490 Ratisboncusi,
1258 4411 1354 4476 etiam
1375 4411 1543 4476 canonicos
1569 4415 1759 4492 munerari,

102 4514 159 4595 qui
173 4512 321 4597 plcrr'que
343 4519 373 4579 et
384 4515 487 4597 pontis
500 4513 663 4580 nobilitate
684 4518 715 4579 et
728 4512 1095 4595 auctoritatepollebant.
1136 4515 1288 4592 Oetemrm,
1311 4534 1371 4595 quo
1386 4512 1482 4578 buius
1502 4535 1621 4597 quoquc
1642 4516 1760 4582 indicis

103 4619 189 4683 ratio
212 4623 243 4684 et
257 4617 377 4684 indoles
391 4619 574 4684 accuratius
581 4619 809 4701 perspiciatur,
830 4616 913 4682 illud
933 4616 1054 4700 lepatur
1068 4617 1251 4699 capitulum,
1273 4618 1327 4682 cui
1334 4618 1567 4699 praesumitur
1589 4618 1760 4707 Sslzburg.

214 4739 257 4804 Β.
297 4740 384 4823 Quae
405 4739 532 4804 indice
552 4760 681 4805 rerum
700 4740 744 4805 II
762 4741 994 4817 contineantur,
1018 4740 1130 4806 titulus
1144 4741 1246 4807 docet:
1260 4747 1306 4807 est
1320 4741 1591 4822 indeaprocerum
1606 4741 1760 4809 laicorum

101 4847 132 4907 u
145 4841 429 4909 uclcsiasticorum
443 4844 581 4909 incertae
594 4844 688 4921 sedis,
696 4845 924 4926 professorum,
939 4844 1109 4923 doctorum,
1126 4845 1360 4927 mapistrorum,
1383 4843 1624 4924 licentiatorum,
1647 4846 1758 4912 bacca·

102 4945 332 5027 lamcamrum,
354 4947 526 5029 artificum,
549 4949 705 5029 opificum,
728 4947 929 5029 officialium,
949 4946 1152 5029 famulomrm.
1197 4947 1262 5013 Hic
1282 4952 1408 5014 cnslaut
1430 4947 1565 5032 mtalopi
1585 4949 1699 5032 dipesti
1719 4971 1759 5016 en

101 5050 217 5116 ordine
237 5050 430 5132 alphabetico
456 5050 647 5134 dipnitatum
668 5051 716 5118 uel
736 5053 932 5133 officiorum,
953 5051 1067 5134 quibus
1086 5072 1139 5118 cos
1159 5072 1279 5134 quoqne
1300 5053 1424 5117 iruuui
1438 5073 1597 5135 proceres,
1626 5074 1758 5135 quorum

99 5154 190 5219 sedes
212 5153 260 5219 ccl
279 5175 377 5235 repna
397 5155 521 5219 incerta
541 5159 625 5233 sunt,
647 5160 684 5220 ut
705 5156 742 5220 in
763 5156 867 5222 iudice
889 5155 1109 5237 lopoprapbico
1131 5157 1312 5220 enumerari
1332 5176 1397 5221 non
1414 5157 1585 5237 potuerint.

212 5362 232 5429 ²)
249 5360 335 5415 Initio
352 5359 456 5429 pridem
473 5375 530 5414 non
546 5360 578 5414 in
595 5359 687 5415 animo
705 5360 771 5414 mibi
788 5366 847 5416 crat
863 5360 977 5416 indicam
993 5375 1085 5415 rerum
1102 5361 1125 5414 Ι
1136 5376 1254 5416 seusam
1270 5361 1438 5429 comnibus,
1455 5362 1503 5417 red
1519 5363 1603 5419 modici
1619 5364 1759 5419 numinum

100 5465 160 5503 erun
177 5448 320 5502 numiam
337 5447 509 5501 summam.
546 5446 692 5515 Postprom
714 5453 806 5503 autom
823 5447 872 5503 lucc
891 5464 960 5516 opus
977 5448 1049 5519 tppis
1067 5447 1180 5517 reprimi
1196 5454 1315 5517 coeptum
1336 5454 1384 5516 est,
1406 5448 1471 5503 dum
1496 5450 1614 5521 popinas
1634 5451 1757 5522 inspicio,

99 5532 226 5588 Μαί
247 5548 305 5588 non
326 5532 394 5587 ratis
408 5532 528 5602 prospici
544 5531 722 5587 commoditati
745 5549 850 5600 eornm,
876 5534 1002 5603 quinon
1025 5539 1161 5602 quaerunt
1177 5533 1363 5589 nisiecclcsias
1379 5535 1418 5589 orl
1433 5551 1519 5606 repud
1534 5538 1758 5606 ctpruclatorum

99 5620 141 5674 cd
160 5635 255 5688 ripun
277 5620 364 5673 anim.
406 5618 494 5688 Quam
515 5618 546 5673 cb
567 5634 679 5673 causon
701 5636 762 5675 cum
783 5620 916 5687 eximiam
938 5637 1037 5689 repna,
1059 5620 1180 5676 ciu‘tatcs
1203 5638 1223 5674 a
1245 5620 1386 5675 nominum
1408 5621 1495 5677 indice
1515 5639 1697 5695 ccprcqorcm,
1724 5642 1758 5681 ca

98 5710 206 5774 tucn,
234 5722 303 5774 quae
324 5705 398 5776 typis
421 5706 476 5760 iam
493 5706 596 5762 tradita
613 5713 705 5777 mant,
726 5707 866 5764 ausurus
883 5725 941 5764 non
958 5710 1048 5778 potui,
1065 5726 1151 5781 piare
1166 5709 1269 5778 sactum
1288 5714 1335 5780 cst,
1353 5714 1386 5764 ut
1402 5711 1452 5765 rub
1469 5711 1758 5771 uuus-anon

100 5791 406 5864 nudabuiuspurcris
425 5794 671 5866 nomiompristino
690 5795 947 5853 tocornaanscrint.
