5360 6474
943 422 1208 478 NECROLOGIUM
1226 423 1410 479 RUNENSB.

599 935 1259 1060 NECROLOGIUM
1296 939 1477 1060 RUN
1482 940 1602 1061 EN
1607 941 1722 1062 SE.

451 1241 705 1335 Manasterium
735 1266 886 1331 Ruuense
913 1266 1013 1350 (quod
1038 1288 1125 1331 nunc
1152 1267 1246 1333 Reum
1272 1267 1480 1350 appellatur),
1508 1269 1630 1335 ordinis
1656 1268 1885 1348 Cisterciensis,
1915 1269 2006 1334 laud

355 1371 458 1454 procul
477 1393 499 1435 a
518 1370 653 1437 Graecia
672 1370 779 1449 utum,
803 1391 825 1434 a
839 1369 1010 1451 Liutpoldo
1026 1369 1153 1454 Styriae
1170 1372 1351 1438 marchione
1371 1374 1556 1439 institutum
1576 1380 1605 1440 ct
1626 1374 1789 1439 monaelris
1808 1373 2002 1439 Ebraceusi-

359 1475 410 1540 lus
428 1475 582 1539 traditum
603 1474 750 1558 boumque
774 1475 815 1539 iis
837 1474 981 1539 dotatum
1002 1479 1062 1553 est,
1089 1495 1171 1556 arcae
1192 1474 1304 1541 Waldo
1327 1498 1425 1542 comes
1451 1476 1597 1542 Ottacara
1618 1477 1809 1557 marchioni,
1837 1478 2004 1560 Liutpoldi

355 1579 444 1659 patri,
466 1577 683 1663 amomum)
727 1577 898 1660 Liutpoldo
925 1583 1045 1657 autern,
1076 1584 1246 1660 autmuam
1272 1602 1354 1646 noua
1373 1582 1517 1663 perfecta
1543 1587 1613 1647 orat
1639 1582 1745 1662 aedes,
1774 1586 1920 1647 a1129.
1951 1583 2003 1647 dc·

357 1680 465 1762 sumto,
486 1679 607 1763 Sophia
628 1682 727 1747 uidua
749 1703 829 1764 opus
849 1682 894 1746 ad
913 1683 1010 1762 linem
1033 1703 1132 1765 usquc
1147 1684 1311 1764 perducit.

449 1789 477 1848 1.
507 1785 755 1868 Antiquissima,
777 1807 860 1869 quac
880 1792 1061 1868 supersum,
1084 1787 1222 1852 eiusdem
1243 1790 1429 1855 monasterii
1450 1795 1652 1857 rriouumcuta
1670 1791 1863 1874 8888188188
1881 1790 2004 1856 duabus

356 1894 489 1955 88881881
509 1889 698 1973 [8888888118
718 1911 798 1955 saec.
818 1894 880 1970 14„
902 1912 983 1973 quac
1005 1892 1146 1957 codicum
1166 1892 1413 1960 Vindoboruusis
1435 1897 1499 1959 987
1521 1902 1550 1961 81
1573 1896 1737 1961 Ruucusis
1755 1896 1797 1960 35
1820 1895 2005 1979 tepumcutis

356 1992 544 2076 spoletinata
565 1998 651 2059 sunt.
692 1995 833 2078 0888888
852 1999 1037 2061 accuratam
1053 1996 1219 2061 editionem
1233 1997 1405 2063 clarissimi
1419 1999 1509 2081 Prot.
1526 1999 1569 2065 D.
1585 1999 1629 2064 H.
1653 2000 1690 2066 de
1705 1999 1865 2082 Zeisslerp
1886 1999 2005 2065 studiis

355 2097 529 2186 08188881)

448 2202 591 2269 Nomina
612 2225 651 2268 ce
673 2203 723 2267 ms
745 2203 904 2285 descripta
924 2204 1112 2287 frapnremis
1133 2205 1192 2271 Fr.
1214 2212 1292 2272 nata
1312 2207 1446 2290 sipnaoi.

448 2310 479 2373 3.
508 2306 728 2390 Necrolopium
742 2309 898 2373 recentius
912 2309 1077 2393 imcprum,
1093 2311 1130 2375 in
1142 2310 1290 2376 Raneusi
1304 2318 1500 2377 assamtum
1515 2312 1706 2391 ldrliotlieca
1721 2313 1761 2378 ab
1773 2311 2003 2396 ,1888181188-

354 2433 405 2490 888,
426 2417 649 2494 88888888188,
671 2414 820 2491 81399,
839 2413 982 2494 fratrum
995 2420 1101 2479 cactus
1115 2415 1240 2480 abbatis
1254 2415 1407 2498 dlpnilale
1422 2417 1557 2495 8888811,
1579 2438 1609 2481 8.
1624 2419 1718 2482 1390.
1741 2417 1903 2483 canditum
1917 2416 2003 2499 8811)

353 2516 519 2581 Nominum
540 2518 637 2582 series
655 2518 796 2600 8818888
810 2517 963 2583 columnis
981 2519 1156 2585 distribute
1176 2525 1231 2598 est,
1254 2521 1370 2603 888188
1389 2522 1487 2586 iudea
1506 2527 1551 2586 est
1570 2522 1637 2586 liic:
1659 2521 1806 2587 Seruitia.
1837 2520 2002 2586 Monaelci.

352 2619 478 2685 Noricii.
524 2620 680 2687 08888881.
721 2621 924 2688 Familiares.
981 2624 1040 2706 (Iu
1073 2629 1184 2690 nostm
1210 2625 1362 2691 editione:
1396 2625 1528 2692 SERV.
1557 2626 1606 2691 Μ.
1635 2625 1741 2691 NOV.
1769 2624 1836 2691 01⁷.
1859 2624 2002 2706 FAM).

351 2723 433 2789 Huic
460 2730 569 2790 autem
595 2726 719 2808 corpori
741 2727 902 2807 primario
923 2734 1122 2794 accesseram
1144 2729 1376 2808 additamenta,
1407 2751 1489 2811 8888
1512 2733 1562 2794 14.
1586 2735 1615 2795 81
1638 2730 1689 2794 15.
1711 2727 1848 2795 88888118
1869 2733 2004 2793 exarata

351 2834 431 2895 uem.
467 2828 607 2895 Seruitia
627 2835 656 2895 ct
674 2829 776 2895 multa
797 2851 905 2896 eorum
926 2832 983 2914 qui
998 2832 1096 2898 donat
1118 2833 1272 2899 dederam
1293 2835 1424 2899 nomina
1447 2834 1562 2900 littoris
1583 2835 1728 2899 miniatis
1750 2834 2003 2916 distinauumar.

448 2934 583 3000 allatis
598 2934 713 3018 Anpcli
733 2935 905 3018 uecralepio
920 2936 954 3001 B
972 2957 1085 3003 norun
1106 2958 1128 3001 a
1149 2938 1239 3003 nolis
1261 2938 1400 3003 inditum
1422 2944 1476 3018 est,
1498 2959 1596 3021 quam
1617 2959 1688 3003 ocra
1703 2937 1842 3004 litteram
1864 2937 1907 3001 iis
1928 2936 2004 3001 18818

350 3036 429 3119 typus
445 3038 683 3120 exprimendam
701 3040 827 3118 caraci,
849 3041 964 3121 padus
987 3042 1151 3107 umnimrm
1173 3042 1209 3106 in
1230 3042 1418 3125 frapmartis
1438 3043 1497 3108 Fr.
1518 3042 1727 3110 calibitomrm
1750 3042 1850 3123 fudis
1871 3040 2002 3106 diuersi·

350 3145 439 3206 tatem
460 3163 617 3224 apparas
637 3164 758 3208 neccsse
779 3149 858 3211 erat.

446 3250 477 3311 3.
508 3247 554 3312 In
574 3248 639 3329 fruc
660 3246 859 3331 simpulomcm
880 3249 1060 3316 kalendarii
1081 3253 1250 3331 niensium,
1278 3253 1323 3317 ad
1344 3251 1443 3317 calces
1464 3250 1550 3333 folii,
1579 3249 1755 3333 compluria
1780 3250 2004 3316 anniversaria

350 3370 451 3431 rapum
464 3372 697 3434 procerumque
714 3351 841 3419 Galliae
856 3352 1011 3437 loquutur,
1033 3376 1116 3437 quae
1137 3357 1173 3421 iu
1194 3362 1304 3422 nostra
1320 3356 1456 3422 edit-iem
1477 3357 1513 3421 in
1527 3376 1629 3421 uuum
1647 3360 1756 3421 coacta
1770 3354 1881 3434 locum
1896 3376 2003 3421 mero·

348 3451 460 3537 1881888
475 3456 625 3537 praalum
646 3462 832 3539 sequumur.

447 3560 493 3624 Iu
519 3559 596 3640 folio
618 3564 648 3624 1.
676 3561 792 3626 codicis
819 3561 1004 3646 8888818881
1032 3563 1129 3629 iudea
1157 3563 1334 3629 ollatarius
1366 3565 1529 3630 inuenitur
1558 3564 1661 3630 eodem
1687 3568 1783 3646 atque
1812 3563 1889 3629 telier
1919 3563 2002 3629 8018-

348 3664 450 3728 laricis
471 3663 800 3743 Raiterrliaslaeensis,
829 3668 1065 3751 8881888256
1092 3674 1220 3734 uestrae
1242 3669 1390 3734 editionis
1411 3674 1529 3747 eastat,
1559 3669 1648 3734 niodo
1674 3668 1880 3750 compositus;
1907 3668 2002 3733 armi-

352 3769 488 3833 aersaria
510 3790 589 3834 saec.
608 3770 659 3833 15.
682 3770 803 3851 scripta
825 3771 959 3851 (Annia
974 3772 999 3836 1
1016 3794 1038 3837 a
1059 3794 1107 3838 nce
1127 3774 1332 3858 nuncupata)
1352 3773 1582 3855 fal.1ct25‘;
1609 3772 1834 3837 anniversaria
1855 3776 2002 3837 888810.

349 3872 487 3952 redacta,
516 3874 645 3956 (andus
666 3874 786 3939 Annio.
801 3874 843 3939 H
862 3896 973 3940 nomon
995 3876 1082 3953 dedi)
1111 3876 1165 3959 fol.
1180 3880 1234 3942 26‘
1257 3883 1438 3943 occurrunt.
1492 3877 1555 3943 Sed
1576 3877 1783 3943 mmmm
1811 3876 1948 3942 indicem
1973 3881 2004 3941 ct

349 3978 571 4042 anniversaria
592 3979 765 4044 8811188818
786 4000 851 4044 csse
872 3979 1060 4060 existimavi,
1088 4003 1160 4047 cum
1181 3982 1313 4046 nomina
1335 3983 1371 4047 iu
1392 3982 1435 4046 iis
1449 3981 1593 4064 prodita,
1614 3981 1680 4062 scre
1702 3986 1817 4047 cuncta
1838 3981 1876 4046 in
1895 4001 2002 4046 necro-

349 4079 424 4163 lopie
443 4083 517 4164 ipsa
530 4083 741 4164 reperiamur.
782 4085 870 4167 Quae
890 4106 961 4150 cera
982 4085 1019 4150 in
1039 4086 1281 4164 anniversariis,
1304 4086 1342 4151 de
1362 4086 1477 4168 888188
1493 4086 1583 4151 modo
1597 4086 1725 4168 opimus,
1747 4086 1785 4151 de
1799 4085 2005 4151 amaram

349 4185 392 4250 oet
411 4187 450 4251 de
463 4187 691 4253 deiectionibus
703 4188 813 4269 fusim
833 4209 930 4270 quiam
952 4189 988 4254 in
1009 4189 1180 4274 necrolopio
1193 4191 1388 4272 referumur,
1410 4189 1530 4257 natulis
1543 4189 1715 4274 8888818888
1730 4190 1864 4255 adiectis
1877 4189 2005 4272 publici

350 4290 428 4356 iuris
448 4291 581 4372 faciam.

448 4394 648 4477 Eacemitum
669 4419 708 4462 ea
722 4397 837 4479 Ampeli
858 4397 981 4464 abbatis
1003 4397 1174 4481 neorolapia
1196 4400 1411 4482 depmmnptum
1427 4399 1533 4464 Puscli
1554 4404 1585 4464 et
1599 4398 1729 4464 Fui'licl
1749 4397 2005 4483 (Diploumtaria

346 4521 439 4565 sacra
461 4500 589 4583 Stpriae
603 4501 651 4580 II,
674 4504 866 4584 333-353)
887 4502 1102 4585 culpaverum.

454 4604 583 4673 Codices
594 4606 762 4672 Runenses
775 4628 797 4671 a
809 4607 979 4672 venorabili
993 4608 1102 4673 abbate
1117 4614 1146 4673 et
1160 4630 1182 4673 a
1197 4609 1395 4675 bibliothecae
1409 4609 1548 4674 ciusdem
1558 4607 1743 4674 nwrrasterii
1753 4607 1932 4673 doctissimo
1947 4628 2003 4671 cu-

348 4711 440 4790 stode,
457 4710 497 4776 P.
507 4711 647 4778 Antania
660 4711 770 4790 Weiss,
786 4711 866 4777 milu‘
878 4712 1093 4779 Vindobormm
1109 4714 1291 4780 transmissi
1304 4719 1390 4793 sum,
1399 4736 1464 4797 pra
1478 4736 1544 4797 qua
1558 4736 1592 4779 ro
1604 4713 1729 4796 pretias
1742 4712 1788 4777 eis
1802 4732 1860 4795 888
1874 4711 2004 4776 clebitas

452 4974 474 5039 ¹)
495 4970 537 5036 Cf.
549 4970 698 5026 Conradil
715 4971 1126 5043 88181888888188881818888881
1139 4979 1242 5028 cartam
1259 4993 1286 5030 8
1298 4976 1372 5040 1138,
1392 4974 1500 5042 discor.
1513 4974 1698 5043 conscriptam
1734 4971 2006 5028 Urkuudadmdides

350 5056 470 5126 11888881
489 5055 756 5125 8188888811]Ῐὸ
844 5059 982 5125 ²)Arclriv
997 5061 1046 5126 sur
1062 5060 1266 5116 (188νεί81808
1282 5060 1484 5128 088818ίά8858,
1494 5062 1554 5116 217.
1589 5061 1637 5115 Ea
1654 5060 1851 5128 amplectamur
1867 5057 1982 5112 dicst²¹

642 5148 746 5211 i-”al
766 5148 889 5211 1,-11,,18
911 5148 933 5180 11
934 5150 1048 5213 8-111.
1155 5151 1177 5217 )
1197 5148 1232 5201 In
1252 5150 1306 5215 fine
1322 5148 1434 5202 ultimae
1451 5148 1595 5218 necrolopii
1608 5148 1726 5217 popinae
1738 5151 1800 5215 8881
1817 5086 2006 5200 anniversariis

350 5172 496 5301 &epileum
500 5236 526 5284 81
543 5148 679 5287 Basilidis·
694 5198 875 5287 cardinalium
891 5233 939 5288 lieo
955 5235 1063 5304 lepitur:
1094 5234 1219 5305 Explicit
1236 5252 1261 5289 8.
1280 5235 1307 5289 d.
1320 5237 1396 5298 1390,
1423 5234 1556 5290 Iohannis
1574 5234 1724 5304 baptistae
1761 5232 1844 5302 Quen
1861 5250 1965 5286 anuum
1982 5238 2007 5287 81

350 5318 590 5372 Maeuiam
606 5318 850 5389 adanauumoria,
868 5320 1006 5376 sedetiam
1021 5322 1424 5392 adrucrolayiumrcfercndum
1440 5340 1500 5386 8888,
1518 5322 1693 5418 8888818818
1709 5320 2007 5390 ipeaprabaripatest:

350 5403 488 5458 1888188888
502 5404 579 5472 mim,
596 5405 714 5475 8888881
726 5422 752 5459 a.
764 5407 831 5461 1390
841 5408 940 5462 mortui
950 5414 1023 5477 sum,
1041 5409 1160 5477 neruiue,
1178 5410 1249 5463 imer
1266 5408 1451 5463 additamenta
1467 5411 1592 5478 lcpumur
1603 5408 1703 5463 omnia.
1734 5408 1811 5476 Quae
1823 5425 1883 5463 cero
1893 5408 1925 5462 iu
1936 5424 2007 5462 mar·

349 5490 408 5559 8188
424 5490 554 5557 1881881818
564 5493 674 5557 [811125.
686 5493 788 5563 scripta
799 5500 875 5549 sum:
902 5495 970 5560 „Hic
983 5496 1057 5552 idem
1070 5498 1102 5552 fr.
1112 5497 1238 5567 Angelus
1251 5501 1350 5567 888188
1363 5497 1527 5553 18818881.
1540 5498 1614 5551 1399.
1627 5495 1692 5549 abb.
1705 5494 1734 5549 in
1748 5496 1831 5550 Runa
1843 5495 2008 5567 8888818811

353 5579 401 5633 hec
418 5578 607 5634 88118118
625 5579 671 5636 (118
689 5600 710 5636 8.
722 5580 849 5651 Gregorii
868 5586 897 5637 81
915 5601 965 5653 per
983 5584 1027 5639 dei
1041 5583 1259 5639 misericordium
1278 5583 1338 5655 1888
1356 5603 1419 5640 cum
1438 5585 1568 5641 omuibus
1580 5581 1783 5639 successoribus
1801 5581 1859 5637 8818
1877 5587 1907 5638 81
1923 5584 2006 5639 huius

353 5664 514 5721 monasterii
532 5666 662 5722 iratribus
680 5667 827 5738 88888181
845 5669 881 5724 ud
899 5670 1024 5739 requiem
1042 5671 1259 5741 sempiternem“
1278 5702 1311 5711 -
1329 5688 1360 5726 88
1376 5671 1414 5725 ad
1431 5671 1610 5741 maplopium
1626 5668 1734 5724 minime
1750 5673 1865 5736 spectare
1882 5673 2008 5739 „pesum

354 5754 508 5808 cacabulum
525 5752 608 5820 docem
625 5755 705 5809 immo
722 5769 780 5809 cero
797 5761 906 5826 turpia,
923 5774 978 5826 auo
995 5759 1118 5828 Armdus
1134 5757 1216 5812 abbas
1231 5757 1302 5813 18888
1319 5760 1406 5828 ipsam
1423 5760 1557 5827 scripserit
1574 5762 1672 5826 umam,
1689 5754 1810 5810 indicare
1828 5757 1960 5813 videntur.

455 5850 542 5905 Nice
559 5850 657 5906 88888.
1765 5852 1800 5907 44
