4648 6472
759 392 1025 452 NEGROLOGIUM
1043 391 1265 449 cfflnnnnsn.

396 1303 1055 1427 NEOROLOGIUM
1099 1303 1634 1501 CHIEMENSE.

286 1612 543 1704 Monosterium
564 1654 590 1697 s.
607 1630 783 1698 Salootms
804 1632 841 1697 in
862 1629 972 1695 insilia
992 1629 1255 1709 ‚,Dorninorum“,
1282 1651 1380 1713 quam
1405 1630 1603 1698 Cleemcnsr's
1623 1632 1723 1697 ambit
1744 1630 1843 1709 10000,

191 1741 375 1822 ternpomlus
402 1739 468 1803 iarn
493 1735 671 1802 Tassilonis
696 1734 804 1800 ultimi
825 1735 991 1800 Baonue
1012 1734 1105 1800 duas
1126 1734 1288 1800 cauditum
1314 1756 1379 1800 esse
1400 1735 1523 1817 sertum
1549 1738 1649 1818 stirpe
1670 1737 1844 1818 imperante

195 1844 410 1910 Oorolinorum
430 1865 456 1907 s.
471 1841 641 1907 Benedicti
662 1840 771 1906 ordini
792 1839 958 1904 addictum
978 1843 1056 1917 erat,
1078 1859 1101 1903 a
1120 1837 1232 1903 Carolo
1247 1839 1370 1922 Magno
1392 1859 1423 1903 a.
1440 1841 1503 1903 789
1525 1841 1667 1923 episcopo
1682 1839 1843 1918 Mettensi,

190 1950 225 2013 05
243 1947 386 2029 Amulio
407 1948 596 2028 imperatore
617 1966 649 2009 a.
664 1947 729 2008 890
752 1943 899 2009 emlesiae
920 1942 1156 2027 salisburgensi
1178 1942 1343 2023 traditum,
1366 1965 1396 2008 a.
1414 1945 1478 2007 969
1500 1944 1540 2009 ab
1566 1943 1676 2010 Ottone
1695 1945 1724 2010 Ι.
1747 1943 1846 2009 emm

190 2052 472 2134 archiepiscopatui
493 2050 716 2130 continuatum
737 2054 792 2128 est,
812 2053 1008 2130 postrenum
1030 2069 1147 2131 —quo
1169 2053 1303 2130 tempore
1324 2070 1449 2131 quoque
1471 2069 1581 2128 causa,
1602 2049 1789 2132 ipnormnm
1805 2086 1844 2095 —

189 2156 347 2222 marom
373 2176 438 2220 esse
464 2153 600 2218 uidetur.
650 2152 686 2217 Ε
704 2153 821 2235 quiem
846 2152 1037 2233 temporelus
1067 2151 1193 2217 nulum
1218 2151 1404 2236 necrolopici
1428 2153 1552 2235 pencris
1573 2157 1715 2235 superest
1734 2172 1847 2217 monu-

189 2266 333 2338 mentum,
352 2263 482 2340 praeter
502 2257 583 2321 duos
604 2256 829 2322 muraenarum
851 2256 981 2334 indues,
1012 2276 1149 2337 quorum
1170 2255 1253 2321 aiter
1274 2255 1390 2338 leptim
1410 2257 1447 2321 iu
1469 2257 1566 2322 10500
1592 2255 1847 2339 00010050Μὶ50

190 2370 252 2429 tam
266 2363 396 2446 Aueiae
417 2360 580 2443 Divitis‚¹)
603 2359 684 2425 alter
705 2361 743 2425 in
764 2360 862 2425 Lrlrro
888 2357 1197 2441 Confraternitatum
1218 2381 1243 2424 s,
1260 2359 1352 2424 Petri
1373 2359 1665 2447 Solisburpensis.²)

286 2483 389 2550 Illius
414 2482 560 2548 icaunae
582 2481 647 2548 loco
674 2481 885 2550 ConradusI.
913 2483 1166 2565 Salnburpensns
1193 2481 1415 2566 archipraesul
1441 2486 1574 2547 a.1130
1600 2503 1714 2548 nooam
1740 2481 1848 2546 aedem

190 2592 374 2668 eorestruait,
396 2590 577 2671 senatumne
592 2587 683 2655 Siata
698 2594 728 2654 et
741 2589 926 2655 Sebastiano
941 2589 1098 2653 dedicauit
1112 2570 1142 2652 it
1156 2588 1319 2653 canmicis
1333 2608 1359 2651 s.
1369 2587 1548 2670 Aupustini
1561 2586 1704 2670 rapulam
1718 2607 1848 2670 mouere

191 2695 270 2759 tiliis
306 2695 464 2760 nonensi·
524 2692 709 2758 Maiorzlrus
741 2714 812 2759 uero
844 2692 1016 2759 honoribus
1043 2693 1270 2757 monasterium
1296 2689 1477 2758 6510000000
1508 2691 1634 2756 saeculo
1668 2692 1849 2773 insequente

190 2805 317 2865 auctum
339 2804 402 2864 est:
422 2798 555 2863 01215
578 2798 662 2862 enim
675 2796 890 2867 Eberhardus
910 2798 1167 2879 archiepiscopus
1187 2798 1232 2861 iln'
1253 2797 1357 2862 sedan
1378 2794 1584 2877 episcopalem
1597 2794 1848 2878 suffrapaneom

190 2906 245 2969 etsi
266 2905 399 2987 0059000
420 2901 618 2983 praefectam
640 2901 770 2981 diocesi,
798 2903 950 2967 instituit.
1006 2903 1149 2986 Quomn
1170 2902 1395 2968 canonicorum
1416 2899 1594 2983 0000050οἱ0
1615 2920 1697 2983 quae
1725 2900 1769 2965 ad
1790 2920 1849 2965 nos

183 3012 403 3090 pemuururrt,
424 3010 502 3070 sunt
522 3005 614 3070 laec:

289 3133 318 3193 1.
355 3127 585 3210 Fragmentum
606 3126 727 3191 memoli
742 3129 793 3205 12,
810 3128 987 3207 post1153
1007 3127 1271 3210 scrrlricoeptum,
1294 3133 1325 3193 et
1338 3150 1438 3211 usque
1459 3129 1496 3193 in
1517 3131 1658 3193 300014
1679 3126 1848 3191 cartinua·

189 3237 263 3311 tum,
285 3232 354 3296 dies
377 3231 429 3295 15.
442 3229 504 3296 lcal.
527 3231 648 3295 mai-
664 3232 695 3296 2.
711 3251 785 3296 non.
807 3231 875 3295 mai
896 3236 926 3295 et
949 3231 978 3294 5.
994 3230 1057 3295 kal.
1074 3231 1143 3296 iun.
1159 3269 1199 3281 -
1217 3235 1267 3295 13.
1283 3231 1346 3297 lcal.
1361 3232 1418 3298 iul.
1442 3232 1653 3315 complectens,
1675 3226 1849 3296 induebar

188 3335 273 3417 foliis
293 3336 464 3418 tegumenti
485 3335 601 3400 codicis
622 3334 738 3399 Latini
759 3334 960 3400 bibliothecae
980 3334 1097 3418 regalis
1119 3336 1326 3402 Monacensis
1341 3337 1427 3403 5256
1448 3342 1561 3402 eastat.
1584 3336 1676 3420 (Fr.)

286 3461 319 3524 2.
353 3456 574 3540 Neerolopium
603 3476 684 3522 saec.
708 3457 750 3520 15
780 3457 817 3522 in
843 3456 1004 3522 tabulario
1030 3457 1233 3538 Murocensi,
1268 3459 1353 3541 quod
1382 3458 1609 3524 Reiclsarcleio
1639 3461 1849 3538 nuncupatur

188 3560 478 3643 (Herrencliemsee
503 3561 583 3643 fasc.
604 3562 693 3643 101).
743 3559 846 3626 Ouius
871 3562 1130 3644 omiquissimam
1156 3569 1285 3645 partem
1312 3565 1537 3629 anniversaria
1567 3584 1632 3629 esse
1653 3567 1750 3644 puto,
1779 3580 1849 3625 uno

188 3667 353 3750 eadmrqm
374 3688 475 3733 manu
494 3666 610 3731 litteris
627 3666 774 3730 minans
794 3672 938 3745 morata,
959 3668 998 3732 in
1018 3667 1079 3734 isac
1097 3669 1234 3734 edaione
1256 3668 1371 3734 litters
1385 3669 1569 3747 0005005500,
1591 3687 1674 3750 quas
1695 3670 1849 3747 „eorpus“

189 3776 309 3850 uocant,
325 3770 506 3852 conspicito.
547 3772 650 3853 50000
665 3771 959 3836 anniversariorum
974 3772 1182 3838 collectionem
1202 3794 1282 3838 saec.
1299 3774 1341 3837 15
1363 3773 1523 3839 cunilam
1538 3793 1603 3837 esse
1616 3792 1656 3836 ea
1669 3770 1850 3851 scripturae

188 3875 333 3956 opr'eilrus
354 3879 490 3954 constat,
520 3896 644 3940 annum
669 3880 776 3940 autem
802 3879 988 3941 accuratius
1013 3877 1147 3958 definire
1172 3876 1306 3959 difficile
1327 3882 1388 3956 est,
1417 3898 1490 3941 cum
1509 3875 1737 3942 anniversaria
1757 3894 1850 3954 saepe

188 3980 361 4044 rioentrlm
375 3980 472 4044 aiam
485 3979 714 4061 tundatmnlrus
727 3984 893 4059 notentur,·
913 3982 1123 4046 crebriorrlrns
1143 3986 1250 4046 amem
1263 3981 1339 4046 inde
1360 3982 1400 4047 ab
1414 4001 1501 4046 anno
1516 3983 1601 4045 1470
1623 3978 1851 4044 wduamerrtis

189 4082 258 4147 olio
278 4103 381 4148 manu
402 4084 531 4164 scriptis
552 4088 702 4164 apparet,
724 4084 934 4168 necrologium
956 4107 990 4152 eo
1013 4092 1149 4168 tempore
1169 4087 1237 4152 iam
1257 4086 1442 4151 incolatum
1461 4086 1572 4168 fuisse
1620 4082 1849 4149 Continuatum

188 4192 233 4250 est
253 4209 356 4268 aspice
377 4188 415 4252 in
434 4208 515 4252 saec.
540 4190 590 4252 18.
638 4189 727 4270 Qreoe
748 4190 786 4253 in
806 4194 918 4255 nostra
939 4192 1076 4257 05555000
1102 4213 1141 4257 er
1166 4192 1224 4257 loe
1249 4191 1369 4256 hausta
1395 4196 1472 4256 sunit
1500 4188 1683 4271 0000010950,
1704 4188 1794 4270 sipno
1815 4186 1850 4251 B

188 4291 441 4373 distinguamur.
485 4291 531 4356 Et
553 4291 766 4376 frapmentum
787 4298 817 4358 et
838 4294 1048 4378 necrologium
1069 4316 1158 4360 nunc
1172 4295 1319 4378 primum
1334 4294 1461 4377 publici
1482 4294 1568 4359 iuris
1588 4293 1682 4375 pune.

878 4643 1157 4722 IANUARIUS.

207 4816 230 4869 1.
324 4810 380 4868 kat.
468 4811 514 4884 (B)
543 4811 593 4867 Ob.
616 4811 777 4867 (1510ιὶοε
800 4811 864 4868 abb.
887 4812 918 4867 in
941 4814 1012 4868 Rott
1036 4830 1061 4869 a.
1080 4814 1180 4885 (1085.
1225 4813 1275 4870 Ob.
1299 4812 1326 4870 d.
1347 4813 1485 4868 Iohannes
1509 4811 1581 4867 sou
1601 4811 1662 4882 pbr.
1685 4814 1714 4866 et
1736 4828 1797 4866 000.
1820 4810 1851 4864 in

414 4898 504 4954 Grion.
541 4900 581 4955 15.

206 4996 231 5050 2.
283 4995 387 5049 anon.
468 4995 514 5064 (B)
541 4985 661 5052 Annis.
685 4987 716 5052 5ί
738 4988 870 5055 Ottonis
893 4990 979 5079 plob¹
1001 4991 1035 5056 in
1058 4990 1220 5057 Rordarff.

206 5091 231 5144 3.
282 5090 308 5143 a
323 5106 387 5144 non,
467 5089 513 5159 (Β)
542 5087 592 5144 Ob.
611 5088 637 5143 d.
651 5089 839 5162 wolfgangus
857 5092 975 5149 Klockel
993 5111 1053 5147 can.
1072 5093 1102 5147 in
1121 5092 1311 5162 Newnburgo.
1347 5090 1398 5146 Ob.
1411 5091 1570 5162 Wslpurga
1588 5090 1763 5146 Mantinerin
1782 5091 1853 5146 omli·

414 5175 445 5230 in
458 5175 555 5231 Insula
566 5175 742 5230 dominarum
755 5195 807 5233 sor.
820 5189 862 5233 n2.
892 5181 932 5233 15.
964 5180 1016 5236 Ob.
1029 5180 1055 5235 d.
1068 5179 1206 5250 Georgius
1219 5179 1422 5248 Stoekhaymer
1434 5195 1495 5232 can.
1507 5177 1538 5232 in
1550 5179 1741 5250 Newnburgn.
1768 5179 1854 5246 15116.

206 5267 231 5321 4.
282 5265 309 5320 2.
323 5282 389 5320 000.
468 5264 513 5335 (Β)
541 5263 593 5319 Ob.
616 5264 643 5319 d.
660 5264 799 5321 Iohannes
822 5266 924 5321 Cholsr
940 5283 1002 5323 can.
1021 5267 1051 5321 in
1069 5267 1157 5323 Grieo.
1193 5269 1234 5323 15.
1280 5266 1331 5323 Ob.
1349 5266 1531 5337 Margarethn
1548 5264 1854 5320 800010ήο105]αο-

414 5350 553 5405 hohensw
570 5368 624 5408 sor.
642 5362 685 5407 n·.
716 5353 801 5422 15116.

302 5511 422 5520 ι-η-ι-

299 5628 320 5697 ¹)
341 5625 393 5683 Ed.
414 5628 497 5698 Piper
513 5629 544 5683 in
560 5632 662 5686 nostris
681 5632 872 5701 Monuuumr's,
898 5635 958 5702 191,
978 5633 1199 5689 0011124-111.
1288 5634 1310 5701 ²)
1329 5631 1366 5685 In
1382 5634 1477 5684 nostra
1494 5628 1609 5684 00155000
1626 5629 1669 5695 22,
1692 5628 1751 5684 coll.
1764 5628 1807 5695 51,
1819 5629 1854 5685 53

196 5718 278 5783 (mon.
292 5716 393 5792 Anne).

1592 5813 1647 5870 26*
