4474 6476
460 452 524 513 470
1093 444 1249 499 INDICUM
1268 442 1485 500 PRAEFATIO.

578 620 750 687 Variarum
771 641 853 703 quae
875 621 911 685 in
933 625 1021 685 metu
1042 619 1245 699 reperiuntur
1255 616 1439 704 formarum
1460 617 1596 702 sinpuir's
1616 617 1798 684 nominibus
1818 623 1998 699 conspectis
2016 618 2094 683 addi

460 732 530 804 tur,·
568 746 650 808 quae
687 745 749 807 qno
792 729 927 805 tempore
964 722 1101 806 sinordis
1139 721 1325 805 necrolopiis
1363 722 1536 805 inscriptae
1566 723 1647 801 sint,
1686 722 1793 788 littera
1827 744 1853 789 s.
1887 742 1960 787 cum
1993 721 2096 787 soemrii

463 849 593 895 numero
615 830 780 896 indicatur
800 828 906 910 idqroe,
930 833 968 892 ut
988 848 1010 892 a
1032 828 1143 891 ceteris
1164 825 1277 891 melius
1298 826 1529 909 distinebatur,
1555 827 1641 892 notis
1658 825 1831 906 Romanis,
1853 831 1910 891 e?
1931 826 2095 910 apoprapla

460 932 597 998 saeculis
619 931 928 1012 XV11.,XV111.,
953 930 1050 997 XIX.
1072 933 1163 1011 sacta
1186 936 1281 1013 atque
1302 932 1398 996 etiam
1425 950 1520 1014 opera
1541 931 1627 1014 typis
1647 950 1795 1013 expressa
1815 931 1987 1014 simiriaat.
2020 931 2095 996 Inter

461 1038 584 1120 formas
597 1038 764 1119 anteposui
778 1057 843 1102 non
857 1036 1101 1117 antiquissimas
1114 1055 1264 1117 quasque,
1287 1035 1343 1100 sed
1357 1035 1562 1101 creberrimas
1583 1034 1630 1101 uel
1650 1056 1803 1118 easquas
1822 1056 1845 1099 a
1859 1034 2022 1100 lectorrbrrs
2038 1056 2094 1100 sae

455 1141 589 1223 pissime
602 1142 781 1223 quaesitum
802 1141 847 1204 iri
864 1140 1073 1221 puiamssem5
1096 1140 1131 1204 in
1152 1138 1284 1220 reliquis
1306 1139 1487 1204 litterarum
1509 1139 1650 1204 ordinem
1670 1144 1796 1205 secutis
1815 1160 1898 1218 suin,
1920 1138 1976 1203 ubi
1996 1137 2096 1204 multoe

457 1245 639 1331 sennarum
661 1244 861 1324 differentiae
875 1244 1099 1323 ocmrrrebant,·
1116 1264 1242 1325 paucae
1255 1243 1312 1309 ubi
1326 1250 1427 1322 erant,
1448 1242 1567 1309 similes
1580 1242 1739 1309 similibus
1751 1263 1990 1325 nonnumquam
2005 1244 2095 1307 icida

454 1350 562 1430 posui.
607 1347 796 1413 Probrbebat
817 1354 924 1413 autenr
944 1349 1055 1430 inpens
1076 1368 1170 1429 saepe
1187 1348 1368 1434 fornrarum
1388 1348 1488 1429 copia,
1510 1347 1592 1430 quin
1613 1348 1684 1412 suis
1702 1368 1844 1429 quasque
1865 1346 1942 1412 loeis
1955 1346 2096 1411 indicibus

460 1453 629 1516 insererem
652 1450 853 1533 ketormrqm
874 1452 920 1516 ad
940 1472 1009 1517 eam
1019 1448 1161 1536 sormam
1174 1449 1353 1534 releparem,
1376 1449 1435 1514 sub
1456 1470 1522 1533 qua
1537 1448 1678 1531 eorempla
1692 1450 1793 1532 plena
1806 1450 2015 1531 afferrerrtum
2031 1471 2095 1515 non

460 1555 582 1619 adsunt
601 1575 695 1637 saepe
713 1554 789 1636 plus
809 1556 918 1620 minus
938 1556 1079 1633 nicenae,
1101 1555 1192 1619 band
1211 1574 1289 1619 raro
1310 1554 1548 1637 quadrapenae,
1570 1554 1823 1639 Berebtespaden
1842 1574 1915 1620 uero
1937 1556 1989 1636 (in
2007 1554 2096 1620 indice

460 1679 568 1724 rerum
592 1658 627 1743 I)
645 1663 774 1740 propter
794 1659 952 1724 scribenti
979 1658 1086 1724 modos
1107 1659 1413 1740 discrepantissimas
1435 1658 1499 1723 117
1521 1657 1598 1724 loeis
1618 1658 1816 1725 nominanda
1833 1658 1962 1744 fuisset.
1979 1660 1982 1667 '
2002 1658 2095 1740 Neque

461 1763 606 1828 dubitari
627 1762 706 1841 licet,
728 1764 809 1846 quin
830 1764 888 1846 qui
908 1764 1118 1828 monumentis
1138 1761 1340 1845 necrolopieis
1355 1767 1493 1827 utuntur
1507 1763 1774 1828 onomastioarum
1794 1763 2013 1844 emacem
2031 1764 2095 1829 adeo

460 1867 527 1931 sint
541 1867 652 1948 periti,
674 1872 713 1931 ut
727 1867 823 1932 etiam
836 1868 906 1932 sine
920 1867 999 1932 duce
1012 1867 1097 1931 ciam
1110 1867 1286 1933 inveniant.
1326 1867 1433 1949 Quare
1446 1866 1492 1931 ad
1506 1865 1719 1950 primipalem
1739 1866 1879 1933 nominis
1898 1865 2030 1948 formam
2048 1866 2094 1931 leo

461 1975 558 2035 torem
579 1989 644 2035 non
665 1971 774 2047 reieci,
804 1971 871 2035 nisi
896 1970 953 2035 ubi
974 1992 991 2036 e
1011 1992 1046 2037 re
1066 1971 1170 2035 visum
1192 1975 1255 2050 est;
1280 1969 1402 2053 aliquot
1424 1975 1530 2034 tamen
1556 1970 1701 2050 nomina,
1725 1970 1764 2037 de
1784 1970 1901 2053 quibis
1921 1970 2023 2036 indice
2040 1971 2095 2035 ian

460 2071 599 2158 corifecto
622 2071 717 2138 aliter
738 2074 884 2140 iudicare
904 2074 1000 2155 coepi,
1022 2074 1107 2139 inter
1127 2074 1346 2139 additamenta
1367 2073 1479 2154 recepi.

569 2211 647 2279 Post
672 2213 835 2278 nominum
862 2213 984 2291 formas
1010 2212 1199 2277 indicantur
1221 2210 1281 2277 loci
1308 2211 1366 2277 ubi
1389 2211 1463 2293 ipsa
1489 2213 1620 2278 nomina
1651 2212 1868 2278 inveniuntur.
1914 2209 2095 2276 Prneomunt

460 2315 512 2380 bio
533 2338 656 2399 quoqcm
676 2315 877 2382 saeculorum
902 2316 1042 2394 numeri,
1074 2317 1131 2398 qui
1157 2316 1202 2380 ad
1225 2320 1360 2380 aetatem
1387 2320 1530 2398 spectant
1558 2323 1708 2383 notarum
1736 2315 2015 2399 necrolopicam
2042 2335 2095 2380 non

460 2420 605 2501 ipsorum
630 2420 793 2485 bominum
816 2439 968 2502 persaepe
990 2418 1088 2484 multo
1116 2424 1191 2484 ante
1211 2424 1417 2484 mortuorum.
1455 2419 1614 2485 Numeros
1635 2420 1728 2486 omisi
1749 2419 1805 2485 ubi
1825 2421 2001 2501 scriptum
2019 2424 2095 2483 aetas

460 2524 568 2589 eadem
589 2529 637 2589 est
659 2544 698 2588 aa
719 2525 859 2589 nominis
884 2525 921 2588 in
942 2524 1046 2589 indice
1061 2522 1282 2605 praecedentis
1307 2521 1355 2588 uel
1381 2522 1490 2588 eadem
1519 2528 1614 2606 acore
1642 2523 1779 2590 bominis
1802 2528 1894 2589 aetas
1912 2524 2095 2604 nominiap·

455 2628 575 2708 posita.
613 2627 821 2694 saeculorum
841 2648 989 2693 numeros
1010 2632 1189 2710 sequuntur
1209 2627 1336 2691 numeri
1354 2627 1549 2709 popinarum
1570 2627 1720 2694 editionis
1741 2632 1878 2707 nostrae,
1900 2633 1968 2692 tum
1986 2627 2096 2692 minei

461 2735 520 2796 aut
540 2752 689 2797 omsuum
710 2737 770 2797 aut
784 2731 1004 2797 columnarum
1017 2751 1224 2814 versuumque
1245 2734 1305 2795 aret
1326 2731 1450 2796 dierum
1471 2732 1512 2814 (e.
1528 2752 1557 2813 p.
1582 2733 1633 2812 86,
1660 2735 1698 2797 10
1705 2756 1713 2807 ;
1737 2733 1799 2797 228
1818 2731 1889 2813 ”lu
1912 2733 1963 2811 2⁴,
1984 2732 2035 2809 58,
2054 2733 2096 2807 5),-

461 2836 498 2900 in
519 2856 545 2900 s.
563 2835 701 2917 Ruperti
716 2835 966 2919 Salisburpensis
978 2834 1163 2919 neorolopiis
1175 2836 1329 2900 accedunt
1343 2833 1467 2900 litterae
1479 2834 1554 2899 A-
1559 2835 1598 2912 G,
1620 2835 1744 2917 ouibus,
1765 2855 1805 2900 ne
1825 2834 1986 2900 nominum
2002 2834 2096 2899 multi·

461 2939 538 3004 tado
553 2938 661 3006 lectori
675 2938 818 3005 taedium
830 2944 937 3021 paret,
955 2938 1084 3022 sinpula
1097 2938 1273 3022 necrolopia
1294 2938 1426 3004 breim
1446 2938 1647 3004 dmutantur.
1679 2937 1887 3004 Asteriscus*
1909 2938 1964 3004 ubi
1982 2957 2096 3003 nimae

461 3043 616 3122 adicitur,
644 3065 756 3110 nomen
778 3065 795 3108 e
822 3045 988 3109 odretiore
1014 3042 1186 3125 necrolopio
1207 3044 1244 3107 in
1271 3042 1307 3107 id
1327 3042 1452 3107 ridetur
1473 3042 1644 3121 demnisse,
1674 3042 1758 3107 unde
1785 3042 1971 3120 laurinum·
1996 3041 2096 3124 pube

462 3145 539 3209 locis
553 3146 813 3227 perpendendum
835 3150 889 3224 est,
912 3152 1022 3210 utrum
1043 3147 1183 3211 nominis
1203 3147 1318 3225 forma,
1340 3167 1366 3210 e.
1379 3166 1410 3228 p.
1425 3146 1550 3211 saemclo
1572 3145 1669 3210 XIV.
1692 3146 1821 3228 scripta,
1842 3146 1978 3211 ciendae
1994 3146 2096 3211 occu

461 3267 506 3312 an
527 3249 721 3331 antiquioris
741 3250 786 3314 sit
804 3250 946 3332 oripinis.
990 3248 1053 3317 Ubi
1074 3273 1099 3316 s.
1117 3256 1131 3314 t
1146 3270 1249 3331 pono,
1278 3249 1428 3315 asterisco
1454 3269 1520 3315 non
1541 3255 1625 3315 utor.
1669 3248 1708 3316 Si
1728 3270 1841 3315 nomen
1865 3251 1903 3315 in
1923 3254 2007 3314 tectu
2028 3268 2096 3312 corr·

454 3351 582 3433 pluries
602 3353 754 3433 occurrit,
777 3353 837 3418 loci
857 3354 1030 3419 semrndum
1047 3354 1244 3435 popinarum
1265 3353 1376 3418 seriem
1398 3353 1594 3433 indicantur,
1621 3375 1646 3420 e.
1667 3376 1697 3436 p.
1713 3374 1751 3436 p.
1768 3357 1847 3431 644,
1874 3352 2032 3419 Iohannes
2051 3373 2096 3437 ep

462 3453 641 3522 Gurzeneis
663 3457 694 3521 1:
719 3479 745 3521 e.
760 3457 857 3525 XIII.
880 3461 932 3541 86,
959 3463 990 3534 1;
1018 3462 1077 3524 153
1100 3457 1139 3541 Ε,
1163 3462 1237 3540 209,
1261 3456 1331 3541 ”ln
1355 3460 1429 3540 300,
1453 3463 1526 3541 445,
1552 3456 1616 3540 Ἧι.
1653 3457 1809 3523 Eiusdem
1823 3457 1961 3524 nominis
1972 3456 2097 3521 tonus

461 3559 546 3625 bunc
571 3561 714 3627 ordinem
738 3563 828 3643 sequi
850 3562 947 3627 iussi:
972 3563 1114 3642 primum
1136 3562 1163 3626 ii
1183 3561 1392 3647 adferuntur,
1420 3581 1555 3642 quorum
1575 3561 1756 3627 nominibus
1781 3559 1865 3626 nibil
1885 3561 2026 3626 additum
2044 3564 2096 3634 est·

460 3664 581 3743 dende,
606 3666 664 3748 qui
679 3666 835 3747 oppositis
849 3666 1091 3749 copnominibus,
1112 3665 1294 3731 nominibus
1307 3665 1487 3747 pontiliciis,
1505 3669 1676 3748 parentum
1690 3664 1872 3730 nominibus
1885 3664 1933 3730 uel
1951 3663 2012 3729 alio
2030 3682 2094 3745 quo

461 3790 585 3852 cunque
599 3769 689 3835 modo
704 3769 909 3851 aliquatenus
923 3770 1132 3850 definiuntur,
1155 3770 1193 3834 de
1206 3789 1343 3851 quorum
1357 3772 1463 3833 tamen
1478 3768 1644 3834 ordinibus
1657 3768 1704 3835 uel
1718 3768 1837 3850 officiis
1857 3767 1942 3833 nibil
1960 3767 2094 3842 traditu,

461 3895 486 3938 e.
500 3895 530 3956 p.
546 3894 653 3953 cecus,
669 3879 762 3962 peter
777 3872 986 3960 Engilsceloi,
1002 3873 1294 3955 lerosolimitanus,
1318 3872 1463 3950 occisum·
1477 3877 1673 3953 postremum
1694 3872 1720 3936 ii
1737 3871 1878 3938 bornines
1897 3873 2094 3946 nominantm

461 3996 596 4058 quonum
618 3977 744 4043 ordines
770 3976 818 4042 uel
838 3977 949 4058 ospicia
970 3978 1007 4042 in
1028 3977 1213 4060 necrolopiis
1233 3978 1435 4057 reseruntur,
1466 3976 1553 4057 irone
1579 3976 1753 4042 secundum
1781 3977 1892 4042 varias
1919 3976 2096 4041 condiciones

462 4079 654 4161 alphabetico
675 4081 822 4164 dipestas,
843 4087 881 4146 ut
901 4102 935 4146 se
955 4082 1118 4162 excipiant
1139 4080 1253 4159 ebbae,
1277 4080 1535 4171 archidiaconus,
1558 4081 1733 4146 canonieus
1756 4084 1811 4145 eet.
1855 4079 2005 4146 Diversae
2023 4080 2095 4144 eim·

461 4186 530 4250 dem
554 4204 666 4249 sensus
692 4185 921 4267 appellationes
946 4184 1005 4250 sub
1032 4206 1096 4251 uno
1127 4187 1366 4269 coniunpuutur
1393 4184 1500 4263 titulo,
1531 4206 1558 4250 e.
1583 4205 1614 4266 p.
1633 4185 1797 4268 presbyter
1826 4189 1856 4250 et
1881 4184 2021 4250 sacerdos
2045 4181 2095 4247 sub

461 4291 645 4377 presbyter,
668 4289 822 4354 morracba
843 4295 873 4354 et
894 4288 1147 4355 sanctimonialis
1170 4288 1229 4354 sub
1251 4289 1422 4354 monache.
1463 4289 1528 4371 Qui
1548 4289 1585 4353 in
1606 4293 1695 4353 tectu
1715 4288 1806 4354 modo
1821 4289 1994 4373 presbyteri
2012 4308 2094 4351 cano

460 4392 537 4470 uici,
558 4392 687 4456 diaconi
707 4390 862 4469 monachi,
884 4391 974 4457 modo
990 4393 1136 4457 canonici
1145 4392 1329 4475 presbyteri,
1344 4390 1491 4456 monaobi
1505 4391 1632 4457 diaconi
1646 4391 1808 4470 dnurdur,
1830 4413 1883 4458 cos
1904 4394 1940 4457 in
1954 4391 2096 4457 indicibus

460 4516 580 4576 semper
600 4495 767 4560 canonicos
782 4495 992 4579 presbyteros,
1015 4495 1182 4561 monacms
1208 4496 1357 4560 diaconos
1379 4494 1548 4579 appellari,
1571 4516 1612 4560 ne
1631 4496 1689 4577 qui
1710 4495 1849 4561 eiusdm
1869 4501 1969 4562 essent
1987 4493 2096 4562 ordinis

460 4603 491 4663 et
512 4598 651 4663 eirrsden
671 4600 866 4677 monasterii,
889 4598 1151 4665 distraherentur.

497 4745 500 4751 '
574 4736 636 4805 Ubi
657 4734 820 4802 bominum
835 4737 975 4802 eiusdem
997 4737 1136 4802 nmninis
1150 4743 1310 4803 eburnam
1323 4738 1497 4802 secundum
1519 4758 1627 4803 eorum
1641 4738 1812 4821 dipnitates
1826 4738 1950 4822 dipesd,
1964 4735 2094 4820 proficis·

460 4846 580 4907 cuntur
604 4861 659 4907 eae
679 4861 719 4906 ee
744 4840 882 4906 ecclesus
907 4840 956 4906 uel
980 4840 1064 4907 loeis.
1110 4840 1196 4906 Erat
1222 4840 1302 4905 mibi
1323 4842 1449 4923 quidem
1471 4842 1507 4906 in
1529 4842 1650 4920 animo,
1677 4863 1716 4907 ea
1744 4840 1882 4907 locorum
1903 4842 2027 4908 nomina
2045 4836 2094 4902 ad·

460 4946 579 5026 bibere,
608 4944 725 5027 ouibrrs
750 4966 837 5011 nunc
864 4947 996 5025 utimur,
1024 4946 1080 5011 sed
1105 4967 1169 5010 uere
1195 4946 1306 5011 doetus
1330 4967 1416 5024 sum,
1452 4946 1489 5011 id
1513 4944 1621 5011 lectori
1647 4945 1867 5030 impedimento
1886 4948 1994 5029 potire
2012 4962 2095 5026 quau

459 5051 643 5115 adiumento
656 5051 736 5130 sore.
773 5048 885 5114 Multa
906 5050 991 5115 eninr
1013 5050 1110 5114 medii
1131 5050 1201 5114 aevi
1214 5051 1346 5115 nomina
1360 5050 1477 5133 quibus
1490 5050 1670 5115 recentibus
1683 5051 1902 5132 respondeant,
1916 5052 2096 5134 iprensium

461 5154 544 5219 adde
564 5175 696 5237 quoque,
717 5153 1268 5235 ouodtraudraroeademecelesia
1289 5153 1439 5220 belidem
1460 5153 1548 5219 locris
1568 5153 1765 5220 udduobus
1785 5150 2096 5221 remunereris

460 5260 652 5336 nominibus,
675 5280 701 5325 e.
711 5280 739 5341 p.
756 5258 982 5323 monasterium
998 5279 1024 5323 s.
1038 5257 1153 5323 Crucis
1170 5289 1210 5311 =
1228 5256 1422 5335 Setelbeoh;
1443 5257 1565 5323 Auuue
1581 5289 1621 5312 =
1637 5257 1849 5322 Pisffenwert
1864 5289 1906 5312 =
1923 5257 2095 5327 Obiemeee;

461 5368 555 5443 otqrie
569 5363 770 5428 metuendum
791 5366 847 5440 est,
869 5382 908 5426 ne
930 5361 1037 5442 quiin
1058 5361 1161 5427 indice
1181 5361 1365 5438 Ohiemsee,
1388 5362 1423 5425 in
1446 5366 1535 5426 teatu
1556 5381 1627 5426 vero
1646 5360 1764 5426 Auuue
1780 5361 1943 5440 inverterit,
1964 5359 2094 5425 editorur

461 5466 568 5530 credat
589 5488 720 5532 errasse.
769 5466 874 5547 Quare
895 5465 1017 5529 tradita
1039 5466 1169 5529 nomina
1189 5465 1397 5548 peoprapbiea
1426 5486 1555 5531 serrrons
1582 5465 1619 5531 in
1646 5466 1689 5529 iis
1714 5465 1907 5544 bominibus,
1936 5465 1989 5549 qui
2008 5460 2096 5528 variis

461 5568 657 5652 sinpulorum
683 5568 930 5652 necrolopiorum
957 5567 1034 5634 loeis
1059 5570 1161 5634 coriis
1190 5569 1328 5635 locorum
1355 5570 1536 5636 nominibus
1556 5569 1792 5652 insipniuntur,
1822 5590 1894 5634 eom
1921 5570 1958 5634 in
1973 5566 2094 5632 indicere

456 5671 598 5756 smmum
618 5674 732 5754 recepi,
759 5694 842 5756 quae
858 5674 965 5758 primo
986 5693 1107 5755 quoqne
1129 5671 1193 5739 loco
1215 5673 1388 5752 exhibetur,
1417 5672 1473 5738 sed
1497 5674 1546 5738 ita
1567 5678 1605 5737 ut
1626 5674 1808 5739 recentioris
1829 5673 1972 5756 temporis
1991 5687 2094 5736 marus
