4824 6472
574 1156 1178 1291 MONUMENTA
1217 1159 1278 1277 N
1288 1159 1869 1280 EOROLOGICA

395 1366 898 1463 MONASTssRH
947 1367 995 1463 s.
1047 1368 1288 1461 PETRI
1340 1368 2047 1465 semsssaaasasls

496 1650 711 1743 Monasterii
725 1694 750 1737 s.
763 1671 854 1737 Petri
869 1670 1120 1753 Salisbmpmsis
1126 1670 1391 1752 prammrnssimi,
1411 1695 1432 1738 a
1447 1695 1474 1740 s.
1490 1674 1633 1757 Ruperto
1648 1675 1777 1754 conditi,
1786 1696 1898 1757 pauca
1914 1682 2049 1754 tantum

392 1778 447 1841 sed
467 1783 620 1842 vetustate
636 1779 803 1859 pretioque
824 1775 947 1858 eprepia
969 1779 1095 1839 erstem
1115 1780 1319 1840 monumenta
1340 1777 1543 1860 necrolopica.

497 1887 526 1947 1.
562 1882 659 1947 Liber
680 1881 983 1963 confraternitatum
1003 1880 1168 1957 vetustior,
1196 1880 1235 1943 de
1263 1901 1325 1961 qno
1354 1882 1391 1945 in
1420 1883 1642 1948 commentario
1671 1883 1823 1965 inscripto
1845 1884 1970 1964 „Ueler
1991 1886 2051 1949 dos

392 1986 500 2051 diteste
523 1984 860 2067 Verlriiderunpslruolr
885 2004 945 2048 con
971 1983 1017 2049 St.
1041 1983 1136 2047 Peter
1162 1984 1199 2048 in
1221 1983 1428 2070 Salrbur9“¹)
1450 1985 1560 2067 fusius
1581 1987 1757 2070 disputavi,
1779 2010 1810 2052 a.
1835 1992 1899 2053 784
1918 1988 2051 2071 Virpilio

392 2092 533 2172 miscmn
555 2092 708 2156 suadente
728 2089 910 2167 incolatus,
936 2088 1069 2153 Arnoue
1090 2094 1119 2152 et
1139 2108 1234 2169 porro
1256 2087 1332 2153 aliis
1346 2110 1409 2169 per
1429 2089 1591 2155 saeculnm
1612 2111 1732 2156 nouum
1747 2093 1957 2173 pontificibus
1978 2113 2050 2156 con-

393 2194 540 2259 tinuatus
561 2200 616 2260 est.
661 2195 739 2260 Post
760 2199 888 2260 mortem
910 2192 1078 2260 Deotmari
1098 2192 1339 2275 archiepiscopi,
1362 2214 1391 2258 a.
1409 2196 1474 2259 907
1495 2196 1531 2260 in
1546 2195 1669 2277 proelio
1690 2197 1731 2261 alr
1755 2197 1924 2281 Hunpans
1945 2198 2049 2276 occisi,

386 2319 498 2378 pauca
518 2300 633 2364 addita
654 2304 731 2364 sunt
751 2299 883 2364 nomina
904 2297 1102 2363 saeculorum
1125 2299 1176 2361 10.
1199 2303 1229 2361 et
1252 2302 1302 2361 11.

497 2404 528 2467 2.
561 2403 658 2469 moer
683 2403 984 2485 confraternitatum
1010 2402 1164 2468 recentior
1186 2404 1327 2466 01004.
1354 2402 1465 2467 Titane
1486 2403 1598 2468 allate
1618 2405 1816 2485 compositos,
1839 2404 1975 2470 saeurlis
2000 2408 2050 2468 11.

393 2511 422 2569 et
444 2508 494 2570 12.
525 2505 637 2571 multis
664 2506 956 2587 intercapedinibus
984 2506 1141 2571 scribendi
1168 2505 1279 2587 factis,
1308 2507 1489 2572 nominibus
1517 2507 1668 2589 refertus,
1697 2509 1873 2589 praecipue
1895 2529 2053 2590 personas

393 2610 647 2692 monasterioque
669 2611 739 2675 eius
761 2609 914 2691 factionis
935 2614 1162 2689 conmremorat,
1184 2631 1266 2692 quae
1287 2611 1371 2675 ritae
1392 2610 1621 2677 ecclesiasticae
1634 2613 1837 2695 omripendae
1858 2617 1889 2676 et
1904 2617 2051 2693 papatus

393 2714 555 2794 aupendae
570 2714 723 2794 potestati
744 2715 898 2780 studebat.
945 2712 995 2780 De
1016 2736 1082 2796 qua
1103 2736 1138 2779 re
1159 2714 1304 2796 conferas
1326 2716 1578 2781 dissertationem
1600 2736 1701 2781 meam
1722 2714 1847 2794 „Ueber
1868 2716 1920 2779 dic
1943 2736 2050 2780 necro-

394 2815 548 2897 lopisclreu
572 2817 700 2899 Quelten
721 2817 778 2882 der
799 2817 954 2883 Driicesen
975 2817 1127 2900 Salrlnrp
1148 2818 1218 2882 und
1239 2816 1436 2903 Passou“.²)

493 2924 525 2984 3.
563 2918 706 3003 Cataloqi
725 2920 877 3002 fratrum.
889 2921 962 2999 duo,
984 2920 1118 2999 saeculo,
1141 2926 1179 2985 ut
1201 2942 1240 2985 ea
1259 2921 1439 3003 sareptenae
1460 2921 1605 3003 apinam
1625 2927 1769 3002 apparet,
1793 2926 1843 2986 11.
1867 2922 2009 3004 confecti.
2021 2920 2050 3007 ³)

494 3023 585 3088 Haec
606 3030 808 3090 monrrmenta
831 3025 939 3089 omnia
960 3044 1025 3090 uno
1046 3024 1151 3089 cadim
1172 3025 1357 3089 nronasterii
1378 3046 1404 3088 s.
1419 3023 1510 3088 Petri
1529 3024 1705 3088 traduntur
1726 3024 1834 3090 littera
1849 3026 1899 3091 M.
1914 3025 2049 3108 siprrato.

394 3128 488 3193 Iriber
516 3128 814 3210 confraternitatum
843 3130 995 3194 uetustior
1022 3129 1103 3211 folia
1133 3132 1254 3206 5-14,
1280 3129 1436 3193 recentia
1456 3128 1537 3210 folia
1561 3128 1689 3192 15-19
1710 3133 1740 3193 et
1755 3134 1884 3211 partem
1904 3128 1977 3211 folii
1997 3131 2050 3207 20,

393 3231 523 3315 catolopi
549 3234 688 3315 popinas
718 3234 869 3299 adrasus
898 3233 971 3315 folii
993 3234 1097 3316 primi
1125 3239 1154 3298 et
1181 3232 1288 3298 ultimi
1309 3234 1479 3298 continent.
1525 3231 1581 3297 Ea
1601 3254 1663 3314 quo
1685 3233 1789 3297 codice
1810 3254 1911 3298 uranu
1932 3234 2050 3315 scripto

392 3336 442 3399 air
462 3334 660 3401 altmannus
684 3337 747 3402 Tr.
772 3338 813 3405 G.
837 3337 875 3402 dc
896 3337 1051 3420 Karajan
1079 3336 1174 3402 libros
1194 3337 1285 3402 niodo
1307 3336 1596 3417 decomposita
1617 3337 1703 3401 iuris
1723 3336 1813 3418 fecit,
1836 3336 2050 3418 praefatione,

392 3440 663 3520 interpretatione,
704 3440 820 3519 indice,
856 3446 964 3524 ectypo
995 3441 1198 3525 imtrnait.⁴)
1256 3442 1328 3523 Qua
1361 3463 1434 3506 cum
1467 3440 1603 3505 editione
1636 3440 1771 3506 codicem
1801 3440 2050 3523 Sanpetrensem,

393 3542 580 3608 lrlrerolitate
607 3565 647 3607 ac
672 3545 864 3628 benipnitate
888 3544 1075 3610 umentes
1100 3545 1225 3610 abbatis
1250 3545 1371 3611 domini
1393 3542 1565 3611 &mucidi
1586 3544 1714 3610 Horner
1735 3545 1815 3610 milti
1834 3545 2049 3611 Vindobonam

394 3649 616 3714 transmissum
642 3654 791 3714 accurate
822 3648 954 3727 contuli,
992 3669 1074 3730 qnae
1105 3650 1165 3713 uui
1194 3649 1352 3732 eidemque
1378 3651 1492 3715 manui
1520 3649 1742 3715 attrrluendac
1767 3650 1833 3714 sint
1862 3650 2050 3731 scripturae,

392 3761 547 3836 arantum
562 3755 671 3836 potui,
702 3754 805 3818 denno
826 3754 970 3835 quaesiui
991 3754 1078 3818 etin
1100 3752 1220 3818 mlnlis
1240 3755 1476 3836 scripturarum
1497 3754 1625 3834 utrr'rJue
1647 3753 1726 3817 lilrro
1748 3753 2051 3835 confraternitatum

388 3859 574 3938 praemissis
595 3858 712 3921 notari.
761 3855 841 3921 Oum
868 3877 939 3921 cero
968 3877 1048 3937 epm
1069 3879 1172 3922 nuum
1194 3863 1224 3921 et
1245 3857 1466 3923 columnarum
1487 3862 1517 3921 et
1537 3878 1684 3922 versuum
1708 3857 1819 3923 ordine
1839 3880 1862 3923 a
1883 3856 2052 3938 Karajani

392 3963 568 4026 recensione
589 3960 724 4026 multum
746 3961 913 4041 discrepet,
936 3960 973 4023 in
993 3961 1058 4041 fine
1079 3959 1250 4025 voluminis
1271 3961 1570 4026 concordantiarum
1592 3959 1719 4026 nouus
1740 3962 1869 4039 mididi,
1897 3965 1935 4024 nt
1955 3980 2051 4041 arrae-

394 4085 513 4146 cunquc
535 4065 666 4130 nomina
688 4065 728 4129 alr
750 4064 827 4128 aliis
849 4086 888 4129 eu
909 4065 1077 4147 Karajani
1098 4065 1234 4129 editione
1255 4065 1408 4144 citantur,
1430 4065 1483 4130 iric
1505 4065 1601 4128 etiam
1621 4065 1757 4146 reperiri
1773 4065 1910 4146 possint.

495 4168 642 4253 Ectppon
670 4168 745 4233 lruic
775 4172 856 4233 torno
886 4169 1076 4233 adiunctum
1097 4168 1164 4234 coll.
1187 4170 1317 4233 41-50
1346 4169 1420 4235 libri
1442 4169 1744 4251 confraternitatum
1765 4168 1947 4233 vetustioris
1968 4189 2049 4232 com-

391 4273 566 4353 paena.

493 4380 524 4441 4.
558 4376 788 4460 Frapmcntum
809 4375 946 4459 catampi
966 4376 1108 4458 fratnrm
1130 4376 1250 4442 samnii
1272 4378 1324 4442 12.
1346 4376 1505 4456 ineuntis,
1536 4377 1574 4443 in
1595 4382 1770 4461 tepuumto
1791 4376 1909 4441 cadurs
1930 4377 2051 4458 Sanpe-

393 4482 506 4545 trensr's
527 4502 558 4557 a,
589 4481 643 4559 VI,
668 4484 709 4544 10
731 4501 753 4543 0
774 4481 1031 4546 reverendissimo
1046 4479 1086 4545 P.
1103 4480 1283 4547 ll'illibaldo
1297 4479 1480 4545 Hautlraler
1497 4480 1532 4547 0.
1546 4480 1579 4547 S.
1592 4480 1634 4546 B.
1656 4502 1744 4546 nunc
1765 4502 1869 4565 nuper
1883 4487 2050 4563 repertum,

393 4584 591 4665 descriptum,
612 4584 751 4666 miliique
773 4603 953 4649 coruossum
975 4589 1030 4647 est.

495 4688 524 4753 5.
569 4687 756 4769 Tempornm
783 4688 980 4768 sequentium
1008 4686 1185 4770 necrolopia
1214 4687 1377 4769 deperdita
1407 4688 1531 4775 suar)
1588 4686 1679 4754 Unrrs
1710 4693 1836 4753 tantum
1869 4693 1985 4767 crestal,
2016 4690 2052 4754 in

394 4793 493 4857 codice
521 4791 727 4873 Srtnpctrensi
754 4790 843 4872 cara,
884 4790 961 4855 liber
989 4791 1166 4856 oblatorius
1194 4793 1252 4873 qul
1279 4792 1495 4857 anniversarii
1523 4792 1614 4856 nudo
1641 4792 1823 4869 donatores,
1858 4792 2051 4872 donationes,

394 4896 499 4977 officia
525 4901 669 4976 marrat,
697 4895 767 4973 scd,
797 4915 869 4960 cum
894 4895 1013 4960 modice
1042 4900 1168 4962 tantum
1196 4896 1373 4979 insipnium
1392 4917 1607 4978 personarum
1634 4897 1765 4962 nomina
1793 4896 1926 4978 referat,
1953 4900 2053 4980 parci

393 5001 608 5065 aestimandus
628 5006 683 5065 est.

496 5247 516 5309 ¹)
535 5242 625 5296 Neues
632 5241 733 5296 Arare
743 5243 793 5309 fir
803 5243 883 5296 aree
896 5242 1013 5297 cessem
1027 5243 1201 5299 anamma.
1216 5244 1257 5307 12,
1266 5259 1377 5308 55-1075
1394 5243 1466 5314 prod
1481 5244 1604 5313 siquiden
1618 5248 1685 5297 nota
1697 5244 1735 5300 N.
1742 5246 1777 5298 Α.
1792 5244 1832 5299 12.
1920 5246 1941 5311 ¹)
1961 5244 2054 5298 Neues

395 5329 489 5383 Arelric
509 5329 597 5391 13,οι
616 5328 706 5397 (ΝΑ.
719 5330 773 5395 13).
879 5333 900 5398 ⁸)
920 5330 991 5385 Ibid.
1008 5332 1067 5386 276.
1174 5334 1195 5397 ⁴)
1218 5331 1280 5386 Dos
1297 5330 1580 5401 Verlrrtderunpsbndr
1597 5330 1643 5384 dar
1661 5331 1753 5397 §tides
1774 5330 1811 5384 St.
1831 5331 1958 5385 Peterin
1981 5332 2054 5386 Soa-

396 5414 463 5484 imp.
498 5415 575 5470 Wun
587 5415 663 5470 1852.
700 5415 815 5469 librum
826 5418 1074 5487 mtustiorenmott.
1087 5419 1184 5486 ‘l-ll)
1200 5420 1319 5487 primm
1332 5425 1445 5488 partem,
1462 5418 1881 5487 recadioreruicoll.118-156)
1898 5419 2053 5488 seamdou,

395 5505 520 5573 melopos
542 5503 899 5573 (eoa.1-6a156—161)
920 5506 1024 5559 tertiam
1041 5507 1167 5575 appellat.
1210 5506 1255 5561 De
1271 5524 1326 5576 arro
1344 5507 1459 5563 eddione
1477 5508 1512 5574 cf.
1531 5506 1611 5561 Nm.
1625 5506 1666 5571 12,
1676 5520 1710 5560 0.
1817 5509 1838 5573 ⁸)
1857 5505 1935 5561 M.
1955 5508 1995 5571 13,
2006 5523 2054 5564 rrs.

1815 5776 1848 5828 11
