4824 6472
430 1478 632 1602 MON
642 1481 912 1601 UMEN
922 1480 1036 1601 TA
1075 1483 1135 1602 N
1145 1483 1728 1606 EOROLOGICA

560 1690 609 1787 S.
643 1692 989 1786 Roossfflim
1021 1690 1596 1791 ssessssoeofflssls.

353 1972 402 2064 S.
428 1998 584 2063 liudberti
605 1999 712 2063 aeram
734 1997 944 2063 cathedralem
966 1997 1233 2082 Salisbnraensem
1259 2022 1284 2063 s.
1309 2000 1465 2083 Viryitins
1491 2024 1537 2083 ep.
1560 2023 1589 2066 a.
1614 2002 1841 2090 7740001)
1870 2010 1908 2068 nt

246 2126 273 2166 s.
286 2102 376 2167 Petri
390 2103 538 2169 monaehi
552 2125 573 2167 a
588 2124 695 2167 rernm
710 2102 926 2182 profanarum
942 2102 1036 2167 turba
1051 2104 1169 2181 semoti,
1191 2105 1274 2168 citae
1289 2107 1481 2171 monasticae
1495 2126 1608 2171 nocere
1618 2112 1756 2187 possent.
1783 2107 1907 2173 motio

248 2208 356 2271 minus
376 2228 458 2272 noea
481 2207 610 2271 eeclesia
633 2229 704 2271 enm
726 2206 846 2270 maiore
866 2226 972 2269 sorore
994 2213 1060 2271 tam
1081 2213 1151 2271 arte
1170 2210 1340 2273 coniuncta
1362 2216 1439 2287 erat,
1464 2216 1502 2274 nt
1524 2216 1552 2275 et
1569 2211 1649 2275 bona
1664 2212 1908 2275 communicaret

247 2319 278 2377 et
298 2335 325 2378 s.
340 2313 431 2377 Petri
451 2314 571 2393 fratres
592 2312 710 2392 officiis
731 2311 819 2374 ctiori
839 2311 1058 2391 funderentur.
1110 2311 1299 2377 Frideriens
1321 2315 1346 2377 Ι
1367 2314 1504 2395 arctim).
1527 2315 1652 2378 demum
1678 2336 1708 2377 a.
1731 2315 1804 2392 987,
1827 2336 1908 2396 qnae

246 2438 272 2480 s.
295 2415 451 2498 Viraitius
471 2421 622 2496 coeperat,
645 2415 689 2477 cd
709 2415 804 2494 tinem
826 2415 997 2494 perduxit,
1027 2415 1107 2479 bona
1128 2417 1251 2493 divisit,
1274 2438 1356 2498 qnae
1378 2418 1423 2481 ad
1443 2422 1615 2499 utrumqne
1637 2419 1817 2482 coenobium
1832 2440 1908 2500 per-

246 2521 397 2597 tinerent,
435 2519 615 2595 constitnit,
649 2539 674 2581 s.
689 2517 795 2581 Petri
827 2519 1016 2581 monasterio
1047 2518 1189 2583 abbatem
1222 2521 1397 2600 praefecit:
1435 2521 1492 2585 troc
1526 2522 1627 2603 iyitnr
1660 2543 1746 2586 anno
1779 2521 1908 2586 ecelesia

245 2650 271 2691 s.
296 2625 455 2690 liudberti
474 2622 568 2704 ptem
594 2623 648 2685 sui
672 2622 757 2685 iuris
781 2621 872 2702 faeta
900 2626 954 2684 est.
1001 2620 1051 2685 De
1082 2624 1176 2687 cuius
1202 2624 1324 2688 nicetius
1352 2625 1504 2690 disserere
1532 2647 1604 2689 eum
1629 2625 1669 2689 ab
1700 2625 1757 2690 troc
1782 2627 1909 2708 quidem

178 2790 183 2796 .
245 2731 312 2796 loco
334 2729 475 2793 atierenm
496 2748 561 2790 esse
581 2726 737 2803 rideatur,
759 2747 825 2789 rem
846 2726 982 2790 maximi
1004 2728 1151 2791 momenti
1172 2727 1283 2791 saltem
1298 2750 1536 2793 commemorare
1550 2728 1652 2805 liceat,
1674 2750 1705 2792 a.
1723 2734 1809 2795 1122
1827 2729 1907 2795 Gan-

244 2836 364 2900 radum
400 2831 683 2912 archimn'semmm,
721 2851 879 2894 summurn
918 2832 1141 2895 canonicorum
1171 2837 1349 2912 patronum
1382 2832 1614 2913 meritorumque
1647 2835 1910 2899 monasteriorum

244 2938 446 3015 conditorem,
469 2936 506 2999 in
526 2958 552 2999 s.
569 2934 726 2999 Reman
748 2934 872 3016 eodeyio
894 2932 1035 3015 regentum
1050 2956 1075 2997 e.
1091 2934 1269 3016 Auoustini
1291 2935 1513 3021 instituisse.²)

353 3049 506 3116 Omnibus
527 3047 679 3111 historiae
703 3045 913 3111 Germanicae
931 3046 1048 3126 peritis
1068 3051 1179 3111 notum
1200 3069 1265 3111 esse
1280 3052 1372 3128 puto,
1395 3053 1519 3129 quanta
1541 3049 1696 3130 diurnitate
1717 3050 1909 3130 quantisque

244 3156 369 3220 divitiis
395 3152 685 3232 archiepiscopatus
708 3148 957 3231 Smnbnraensis
983 3150 1067 3212 inter
1082 3151 1291 3231 principatus
1313 3149 1536 3215 ecclesiasticos
1557 3153 1740 3229 eminuerit,
1768 3158 1909 3234 quantae

243 3266 274 3324 et
302 3259 527 3322 canonicorum
554 3254 643 3318 aedis
669 3253 862 3318 cathedralis
883 3253 1006 3334 suerint
1027 3256 1204 3319 auctoritas
1225 3261 1255 3319 et
1273 3256 1426 3336 potentio.
1478 3256 1676 3338 0000000
1694 3261 1785 3338 orato
1800 3255 1907 3319 emino

243 3363 443 3442 eveniamus
474 3364 605 3441 oportet,
639 3358 724 3438 qnod
754 3363 1026 3422 monumentorum
1060 3358 1322 3441 merotoaieornm
1353 3360 1492 3424 eiradem
1523 3359 1660 3443 capituti
1692 3365 1785 3424 tanta
1817 3360 1908 3440 eopia

242 3470 403 3548 monost,
430 3470 586 3547 meantem
606 3463 662 3526 mlo
682 3462 751 3525 alia
769 3462 963 3527 Germaniae
983 3462 1112 3527 eeclesia
1131 3463 1273 3528 exhibere
1285 3465 1399 3544 possit,
1414 3484 1479 3545 qua
1494 3485 1529 3528 re
1544 3485 1577 3528 eo
1592 3465 1693 3545 meeis
1704 3465 1908 3547 conterritum

244 3576 299 3647 est,
324 3591 396 3632 curn
418 3591 442 3632 s.
459 3567 550 3631 Petri
570 3565 746 3648 necroloyia
767 3566 891 3631 saecuto
914 3570 964 3630 10.
997 3568 1176 3651 posteriora
1198 3566 1264 3647 fere
1286 3568 1393 3631 omnia
1417 3568 1580 3649 (deperdita
1601 3569 1677 3631 sint.

351 3682 397 3746 Et
418 3680 575 3762 catatoyos
595 3680 738 3760 fratrum
759 3686 789 3743 et
811 3679 986 3761 necrotooia
1001 3682 1133 3761 proprie
1156 3680 1277 3764 dieta³)
1300 3680 1420 3759 fratres
1441 3702 1465 3742 s.
1485 3679 1641 3744 Radberti
1663 3680 1753 3743 notris
1774 3678 1907 3759 relique-

245 3793 333 3851 runt,
383 3785 547 3868 Cataloyos
573 3784 644 3849 lieet
670 3783 761 3848 tibris
786 3784 1087 3864 confraternitatum
1112 3808 1136 3847 s.
1154 3785 1245 3847 Petri
1267 3788 1428 3861 vetustate,
1450 3786 1564 3865 pretio,
1593 3785 1684 3864 copia
1706 3782 1908 3862 00000010-

244 3892 355 3967 riores,
378 3911 525 3971 spernere
546 3888 620 3952 noli.
666 3888 750 3952 Snnt
771 3893 877 3951 antem
901 3888 953 3969 tri:

351 4003 380 4065 I.
404 4002 553 4083 Reoistra
575 4001 647 4076 diro,
670 4005 706 4083 (a
722 4005 751 4063 et
766 4000 799 4083 b)
820 4000 940 4080 tratres
962 4000 1098 4064 atteram
1119 4001 1373 4081 Satistnryenses
1394 3999 1530 4063 alterum
1552 4004 1718 4064 extraneos
1739 3999 1909 4078 referentia

398 4104 510 4189 paullo
532 4110 607 4185 post
633 4126 663 4168 a.
688 4107 771 4167 1000
798 4106 930 4185 scripta,
959 4127 1041 4186 qnae
1069 4106 1113 4168 ad
1135 4107 1279 4185 primum
1306 4104 1514 4186 necrotoeium
1536 4105 1568 4169 A
1598 4105 1652 4185 (de
1681 4124 1742 4185 qno
1770 4104 1909 4184 interius

402 4211 546 4292 aemuia)
561 4209 739 4289 pertinent,
769 4209 873 4273 codiee
899 4208 1130 4273 Vindobonensi
1149 4210 1236 4272 2000
1247 4208 1272 4289 f,
1288 4212 1309 4271 3
1325 4210 1388 4271 et5
1412 4209 1533 4272 tradita
1556 4230 1577 4271 a
1602 4207 1766 4271 Theodoro
1786 4207 1907 4272 Wiede·

403 4334 502 4376 marm
523 4313 609 4377 edita
631 4317 708 4376 sunt
728 4312 866 4393 (Archiv
884 4310 946 4396 fiir
971 4310 1247 4376 Oesterreiciiisetre
1272 4311 1455 4375 Geseirictote
1475 4314 1528 4389 28,
1544 4313 1630 4394 4-7).

332 4425 381 4488 ΙΙ.
409 4424 551 4507 Caietam
573 4425 636 4489 duo
664 4445 744 4487 saec.
770 4426 812 4487 12
840 4429 971 4488 eaeunte
992 4425 1114 4505 serenti,
1141 4425 1257 4504 quibus
1283 4424 1462 4501 „Meritoria
1485 4425 1646 4487 vinorum‘
1673 4428 1702 4486 et
1728 4422 1908 4500 „Memoria

402 4527 642 4608 defunctorum‘
665 4529 852 4591 inserdiitnr
866 4530 903 4591 in
918 4529 1020 4592 codiee
1034 4528 1222 4611 neerotooieo
1239 4528 1443 4609 Sanpetrensi
1459 4528 1490 4591 S.
1506 4532 1547 4591 71
1562 4529 1687 4611 siqnato
1700 4526 1789 4608 sotiis
1804 4531 1855 4603 77,
1867 4530 1909 4589 78

402 4632 614 4713 commetiens-i
641 4632 678 4713 (a
699 4638 728 4695 et
743 4633 792 4712 b),
821 4654 859 4696 cc
886 4634 1002 4712 quibus
1028 4634 1078 4696 air
1107 4633 1308 4697 doctissimas
1325 4634 1476 4698 Andreas
1506 4633 1543 4696 dc
1572 4630 1698 4695 Meiiier
1729 4615 1909 4712 exemptum

395 4736 521 4817 prebliei
542 4736 626 4799 iuris
646 4735 722 4816 fecit
746 4738 780 4801 in
801 4737 920 4817 „Arcti
943 4740 967 4817 l.
995 4736 1128 4801 Oesterr.
1155 4737 1265 4802 Gesete.
1290 4739 1361 4800 19‘2

311 4849 380 4913 III.
407 4847 591 4929 Camiaeum
620 4847 667 4912 oet
694 4869 774 4912 saec.
802 4852 845 4913 12
866 4855 997 4914 exeunte
1019 4850 1066 4913 oet
1090 4853 1131 4912 13
1158 4851 1287 4913 ineunte
1309 4850 1464 4930 scriptum
1487 4849 1568 4912 idem
1592 4848 1687 4911 codec
1708 4847 1908 4925 manuscrip-

403 4958 457 5017 tus
470 4952 494 5033 f.
512 4954 562 5014 10.
586 4951 718 5029 conciret,
740 4952 798 5033 qui
819 4952 859 5017 ab
881 4952 932 5016 tris
954 4954 1054 5018 verbis
1069 4955 1212 5018 orditur:
1241 4953 1324 5031 „Isti
1346 4956 1422 5015 snnt
1444 4953 1501 5033 qui
1522 4949 1723 5015 contulerunt
1745 4949 1826 5011 borea
1847 4970 1909 5011 sna

402 5056 525 5121 ecclesie
551 5060 651 5136 prout
685 5055 797 5119 tabere
823 5061 975 5136 poterant
998 5078 1062 5137 pro
1095 5057 1207 5120 diuina
1237 5057 1514 5119 renneneraeione“
1542 5060 1589 5117 et:
1643 5053 1726 5131 „Isti
1756 5052 1910 5116 dceterunt

402 5181 529 5225 cernerem
565 5160 607 5223 35
636 5180 662 5222 s.
686 5157 847 5240 Ridperto
875 5180 937 5241 pro
966 5160 1100 5224 remedio
1130 5162 1315 5224 animarum
1341 5165 1505 5223 suornm‘.
1563 5158 1652 5239 Qum
1679 5156 1810 5220 nornina
1838 5178 1910 5220 enm

402 5286 501 5346 neque
522 5264 673 5347 oricinem
695 5284 794 5345 neque
819 5285 919 5346 oenus
941 5264 1116 5347 desionent,
1148 5266 1287 5329 omittere
1309 5262 1426 5339 maini,
1455 5262 1806 5325 additannntnm‘oero
1828 5280 1908 5323 saec.

404 5370 455 5432 15.
478 5368 631 5445 exeuntis,
654 5369 739 5449 qnod
760 5368 818 5433 troo
840 5369 963 5450 detecta
984 5390 1050 5434 non
1071 5369 1203 5448 laborat,
1227 5371 1311 5453 typis
1332 5367 1573 5450 exprimendum
1595 5364 1715 5430 curavi.

354 5666 374 5729 ¹)
393 5660 532 5716 Dcdieata
547 5664 584 5713 en
602 5661 710 5714 eeclesia
727 5680 754 5716 a,
768 5663 827 5727 774,
839 5661 919 5717 Sicut.
930 5667 995 5731 sept.
1007 5662 1043 5728 es.
1062 5660 1227 5725 100120»
1240 5677 1269 5716 n.
1281 5677 1302 5715 4.
1375 5664 1396 5727 ²)
1415 5660 1518 5714 Annei.
1537 5676 1557 5715 e.
1573 5658 1706 5714 Rrrdberti
1723 5656 1770 5710 SS.
1783 5654 1838 5709 IX.
1850 5657 1909 5711 774.

249 5752 270 5817 ⁸)
290 5750 332 5805 Dc
348 5750 392 5803 hie
409 5749 446 5815 cs.
464 5746 552 5802 Nona
569 5746 670 5800 Ardrio
687 5748 789 5812 (Nu.)
809 5752 851 5809 13.
863 5764 983 5804 ero-eoo.
